%% Created using Papers on Tue, 31 Jan 2017.
%% http://papersapp.com/papers/

@article{Levayer:2013el,
author = {Levayer, Romain and Lecuit, Thomas},
title = {{Oscillation and polarity of E-cadherin asymmetries control actomyosin flow patterns during morphogenesis.}},
journal = {Developmental cell},
year = {2013},
volume = {26},
number = {2},
pages = {162--175},
month = jul
}

@article{Bois:2011kx,
author = {Bois, Justin S and J{\"u}licher, Frank and Grill, Stephan W},
title = {{Pattern formation in active fluids.}},
journal = {Physical review letters},
year = {2011},
volume = {106},
number = {2},
pages = {028103},
month = jan
}

@article{Yarmola:2007eb,
author = {Yarmola, Elena G and Klimenko, Evguenia S and Fujita, Go and Bubb, Michael R},
title = {{Thymosin beta4: actin regulation and more.}},
journal = {Annals of the New York Academy of Sciences},
year = {2007},
volume = {1112},
number = {1},
pages = {76--85},
month = sep
}

@article{HOLTFRETER:1946wh,
author = {HOLTFRETER, J},
title = {{Experiments on the formed inclusions of the amphibian egg; observations on microsomes, vacuoles, and on the process of yolk resorption.}},
journal = {The Journal of experimental zoology},
year = {1946},
volume = {103},
number = {1},
pages = {81--112},
month = oct
}

@article{Madaule:1985wf,
author = {Madaule, P and Axel, R},
title = {{A novel ras-related gene family.}},
journal = {Cell},
year = {1985},
volume = {41},
number = {1},
pages = {31--40},
month = may
}

@article{FrokjaerJensen:2008kj,
author = {Fr{\o}kjaer-Jensen, Christian and Davis, M Wayne and Hopkins, Christopher E and Newman, Blake J and Thummel, Jason M and Olesen, S{\o}ren-Peter and Grunnet, Morten and Jorgensen, Erik M},
title = {{Single-copy insertion of transgenes in Caenorhabditis elegans.}},
journal = {Nature genetics},
year = {2008},
volume = {40},
number = {11},
pages = {1375--1383},
month = nov
}

@article{BravoCordero:2013ef,
author = {Bravo-Cordero, Jose Javier and Magalhaes, Marco A O and Eddy, Robert J and Hodgson, Louis and Condeelis, John},
title = {{Functions of cofilin in cell locomotion and invasion.}},
journal = {Nature Reviews Molecular Cell Biology},
year = {2013},
volume = {14},
number = {7},
pages = {405--415},
month = jul
}

@article{Kang:1999wx,
author = {Kang, F and Purich, D L and Southwick, F S},
title = {{Profilin promotes barbed-end actin filament assembly without lowering the critical concentration.}},
journal = {The Journal of biological chemistry},
year = {1999},
volume = {274},
number = {52},
pages = {36963--36972},
month = dec
}

@article{Leung:1998wd,
author = {Leung, T and Chen, X Q and Tan, I and Manser, E and Lim, L},
title = {{Myotonic dystrophy kinase-related Cdc42-binding kinase acts as a Cdc42 effector in promoting cytoskeletal reorganization.}},
journal = {Molecular and cellular biology},
year = {1998},
volume = {18},
number = {1},
pages = {130--140},
month = jan
}

@article{Motegi:2006hi,
author = {Motegi, Fumio and Sugimoto, Asako},
title = {{Sequential functioning of the ECT-2 RhoGEF, RHO-1 and CDC-42 establishes cell polarity in Caenorhabditis elegans embryos.}},
journal = {Nature cell biology},
year = {2006},
volume = {8},
number = {9},
pages = {978--985},
month = sep
}

@article{Vasquez:2014hv,
author = {Vasquez, Claudia G and Tworoger, Mike and Martin, Adam C},
title = {{Dynamic myosin phosphorylation regulates contractile pulses and tissue integrity during epithelial morphogenesis.}},
journal = {The Journal of cell biology},
year = {2014},
volume = {206},
number = {3},
pages = {435--450},
month = aug
}

@article{Mullins:1998vm,
author = {Mullins, R D and Heuser, J A and Pollard, T D},
title = {{The interaction of Arp2/3 complex with actin: nucleation, high affinity pointed end capping, and formation of branching networks of filaments.}},
journal = {Proceedings of the National Academy of Sciences of the United States of America},
year = {1998},
volume = {95},
number = {11},
pages = {6181--6186},
month = may
}

@article{Rauzi:2011bk,
author = {Rauzi, Matteo and Lenne, Pierre-Fran{\c c}ois},
title = {{Cortical forces in cell shape changes and tissue morphogenesis.}},
journal = {Current topics in developmental biology},
year = {2011},
volume = {95},
pages = {93--144}
}

@article{Skoglund:2008dp,
author = {Skoglund, Paul and Rolo, Ana and Chen, Xuejun and Gumbiner, Barry M and Keller, Ray},
title = {{Convergence and extension at gastrulation require a myosin IIB-dependent cortical actin network.}},
year = {2008},
volume = {135},
number = {14},
pages = {2435--2444},
month = aug
}

@article{Razzell:2014eb,
author = {Razzell, William and Wood, Will and Martin, Paul},
title = {{Recapitulation of morphogenetic cell shape changes enables wound re-epithelialisation.}},
journal = {Development (Cambridge, England)},
year = {2014},
volume = {141},
number = {9},
pages = {1814--1820},
month = may
}

@article{Dayel:2004dy,
author = {Dayel, Mark J and Mullins, R Dyche},
title = {{Activation of Arp2/3 complex: addition of the first subunit of the new filament by a WASP protein triggers rapid ATP hydrolysis on Arp2.}},
journal = {PLoS biology},
year = {2004},
volume = {2},
number = {4},
pages = {E91},
month = apr
}

@article{Loria:2012ks,
author = {Loria, Andy and Longhini, Katrina M and Glotzer, Michael},
title = {{The RhoGAP domain of CYK-4 has an essential role in RhoA activation.}},
journal = {Current biology : CB},
year = {2012},
volume = {22},
number = {3},
pages = {213--219},
month = feb
}

@article{Kapustina:2013gc,
author = {Kapustina, Maryna and Elston, Timothy C and Jacobson, Ken},
title = {{Compression and dilation of the membrane-cortex layer generates rapid changes in cell shape.}},
journal = {The Journal of cell biology},
year = {2013},
volume = {200},
number = {1},
pages = {95--108},
month = jan
}

@article{Kron:1986vv,
author = {Kron, S J and Spudich, J A},
title = {{Fluorescent actin filaments move on myosin fixed to a glass surface.}},
journal = {Proceedings of the National Academy of Sciences of the United States of America},
year = {1986},
volume = {83},
number = {17},
pages = {6272--6276},
month = sep
}

@article{Finer:1994kw,
author = {Finer, J T and Simmons, R M and Spudich, J A},
title = {{Single myosin molecule mechanics: piconewton forces and nanometre steps.}},
journal = {Nature},
year = {1994},
volume = {368},
number = {6467},
pages = {113--119},
month = mar
}

@article{Hsu:2014ck,
author = {Hsu, Patrick D and Lander, Eric S and Zhang, Feng},
title = {{Development and applications of CRISPR-Cas9 for genome engineering.}},
journal = {Cell},
year = {2014},
volume = {157},
number = {6},
pages = {1262--1278},
month = jun
}

@booklet{Holtfreter:1988vj,
title = {{A new look at Spemann's organizer.}},
author = {Holtfreter, J F},
address = {Department of Biology, University of Rochester, New York 14627.},
year = {1988}
}

@article{Crocker:1996wpa,
author = {Crocker, J and Grier, D G},
title = {{Methods of digital video microscopy for colloidal studies}},
year = {1996},
volume = {179},
number = {1},
pages = {298--310}
}

@article{Mayer:2010kt,
author = {Mayer, Mirjam and Depken, Martin and Bois, Justin S and J{\"u}licher, Frank and Grill, Stephan W},
title = {{Anisotropies in cortical tension reveal the physical basis of polarizing cortical flows.}},
journal = {Nature},
year = {2010},
volume = {467},
number = {7315},
pages = {617--621},
month = sep
}

@article{Schaefer:2014ez,
author = {Schaefer, Antje and Reinhard, Nathalie R and Hordijk, Peter L},
title = {{Toward understanding RhoGTPase specificity: structure, function and local activation.}},
journal = {Small GTPases},
year = {2014},
volume = {5},
number = {2},
pages = {6}
}

@article{McMillen:2015fu,
author = {McMillen, Patrick and Holley, Scott A},
title = {{The tissue mechanics of vertebrate body elongation and segmentation.}},
journal = {Current opinion in genetics {\&} development},
year = {2015},
volume = {32},
pages = {106--111},
month = jun
}

@article{Sweeney:2010fg,
author = {Sweeney, H Lee and Houdusse, Anne},
title = {{Structural and functional insights into the Myosin motor mechanism.}},
journal = {Annual review of biophysics},
year = {2010},
volume = {39},
number = {1},
pages = {539--557}
}

@article{Heisenberg:2009ca,
author = {Heisenberg, Carl-Philipp},
title = {{Dorsal closure in Drosophila: cells cannot get out of the tight spot.}},
journal = {BioEssays : news and reviews in molecular, cellular and developmental biology},
year = {2009},
volume = {31},
number = {12},
pages = {1284--1287},
month = dec
}

@article{Martin:2010ef,
author = {Martin, Adam C},
title = {{Pulsation and stabilization: contractile forces that underlie morphogenesis.}},
journal = {Developmental biology},
year = {2010},
volume = {341},
number = {1},
pages = {114--125},
month = may
}

@article{Zallen:2008cw,
author = {Zallen, Jennifer A and Blankenship, J Todd},
title = {{Multicellular dynamics during epithelial elongation.}},
journal = {Seminars in cell {\&} developmental biology},
year = {2008},
volume = {19},
number = {3},
pages = {263--270},
month = jun
}

@article{Lecuit:2007cw,
author = {Lecuit, Thomas and Lenne, Pierre-Fran{\c c}ois},
title = {{Cell surface mechanics and the control of cell shape, tissue patterns and morphogenesis}},
journal = {Nature reviews. Molecular cell biology},
year = {2007},
volume = {8},
number = {8},
pages = {633--644},
month = aug
}

@article{HOLTFRETER:1946ut,
author = {HOLTFRETER, J},
title = {{Experiments on the formed inclusions of the amphibian egg; formative effects of hydration and dehydration on lipid bodies.}},
journal = {The Journal of experimental zoology},
year = {1946},
volume = {102},
pages = {51--108},
month = jun
}

@article{Tepass:2014cx,
author = {Tepass, Ulrich},
title = {{Developmental biology: Polarize to elongate.}},
journal = {Nature},
year = {2014},
volume = {515},
number = {7528},
pages = {499--501},
month = nov
}

@article{Goicoechea:2014du,
author = {Goicoechea, Silvia M and Awadia, Sahezeel and Garcia-Mata, Rafael},
title = {{I'm coming to GEF you: Regulation of RhoGEFs during cell migration.}},
journal = {Cell adhesion {\&} migration},
year = {2014},
volume = {8},
number = {6},
pages = {535--549}
}

@article{Kamath:2003bk,
author = {Kamath, Ravi S and Fraser, Andrew G and Dong, Yan and Poulin, Gino and Durbin, Richard and Gotta, Monica and Kanapin, Alexander and Le Bot, Nathalie and Moreno, Sergio and Sohrmann, Marc and Welchman, David P and Zipperlen, Peder and Ahringer, Julie},
title = {{Systematic functional analysis of the Caenorhabditis elegans genome using RNAi.}},
journal = {Nature},
year = {2003},
volume = {421},
number = {6920},
pages = {231--237},
month = jan
}

@article{Chanet:2014jh,
author = {Chanet, Soline and Martin, Adam C},
title = {{Mechanical force sensing in tissues.}},
journal = {Progress in molecular biology and translational science},
year = {2014},
volume = {126},
pages = {317--352}
}

@book{Thompson:1917up,
author = {Thompson, Darcy Wentworth},
title = {{On growth and form}},
publisher = {Canbridge [Eng.] University press},
year = {1917}
}

@article{JEZ:JEZ1400950203,
author = {Holtfreter, Johannes},
title = {{A study of the mechanics of gastrulation. Part II}},
journal = {Journal of Experimental Zoology},
year = {1944},
volume = {95},
number = {2},
pages = {171--212}
}

@article{Lynch:2013cy,
author = {Lynch, Holley E and Crews, Sarah M and Rosenthal, Brett and Kim, Elliott and Gish, Robert and Echiverri, Karl and Hutson, M Shane},
title = {{Cellular mechanics of germ band retraction in Drosophila.}},
journal = {Developmental biology},
year = {2013},
volume = {384},
number = {2},
pages = {205--213},
month = dec
}

@article{Franke:2005in,
author = {Franke, Josef D and Montague, Ruth A and Kiehart, Daniel P},
title = {{Nonmuscle myosin II generates forces that transmit tension and drive contraction in multiple tissues during dorsal closure.}},
journal = {Current biology : CB},
year = {2005},
volume = {15},
number = {24},
pages = {2208--2221},
month = dec
}

@article{Rauzi:2010fs,
author = {Rauzi, Matteo and Lenne, Pierre-Fran{\c c}ois and Lecuit, Thomas},
title = {{Planar polarized actomyosin contractile flows control epithelial junction remodelling.}},
journal = {Nature},
year = {2010},
volume = {468},
number = {7327},
pages = {1110--1114},
month = dec
}

@article{Schmidt:2002de,
author = {Schmidt, Anja and Hall, Alan},
title = {{Guanine nucleotide exchange factors for Rho GTPases: turning on the switch.}},
journal = {Genes {\&} development},
year = {2002},
volume = {16},
number = {13},
pages = {1587--1609},
month = jul
}

@article{Jenkins:2006cb,
author = {Jenkins, Noah and Saam, Jennifer R and Mango, Susan E},
title = {{CYK-4/GAP provides a localized cue to initiate anteroposterior polarity upon fertilization.}},
journal = {Science (New York, N.Y.)},
year = {2006},
volume = {313},
number = {5791},
pages = {1298--1301},
month = sep
}

@article{Paul:2008kv,
author = {Paul, Aditya S and Paul, Aditya and Pollard, Thomas D and Pollard, Thomas},
title = {{The role of the FH1 domain and profilin in formin-mediated actin-filament elongation and nucleation.}},
journal = {Current biology : CB},
year = {2008},
volume = {18},
number = {1},
pages = {9--19},
month = jan
}

@article{Ikebe:1988uy,
author = {Ikebe, M and Koretz, J and Hartshorne, D J},
title = {{Effects of phosphorylation of light chain residues threonine 18 and serine 19 on the properties and conformation of smooth muscle myosin.}},
journal = {The Journal of biological chemistry},
year = {1988},
volume = {263},
number = {13},
pages = {6432--6437},
month = may
}

@article{Lawrence:2003wq,
author = {Lawrence, Nicola and Morel, V{\'e}ronique},
title = {{Dorsal closure and convergent extension: two polarised morphogenetic movements controlled by similar mechanisms?}},
journal = {Mechanisms of development},
year = {2003},
volume = {120},
number = {11},
pages = {1385--1393},
month = nov
}

@article{Goehring:2011bi,
author = {Goehring, Nathan W and Trong, Philipp Khuc and Bois, Justin S and Chowdhury, Debanjan and Nicola, Ernesto M and Hyman, Anthony A and Grill, Stephan W},
title = {{Polarization of PAR proteins by advective triggering of a pattern-forming system.}},
journal = {Science (New York, N.Y.)},
year = {2011},
volume = {334},
number = {6059},
pages = {1137--1141},
month = nov
}

@article{JEZ:JEZ1400940302,
author = {Holtfreter, Johannes},
title = {{A study of the mechanics of gastrulation. Part I}},
journal = {Journal of Experimental Zoology},
year = {1943},
volume = {94},
number = {3},
pages = {261--318}
}

@article{Weiner:2007cl,
author = {Weiner, Orion D and Marganski, William A and Wu, Lani F and Altschuler, Steven J and Kirschner, Marc W},
title = {{An actin-based wave generator organizes cell motility.}},
journal = {PLoS biology},
year = {2007},
volume = {5},
number = {9},
pages = {e221},
month = sep
}

@article{Chen:2012dx,
author = {Chen, Qian and Nag, Shalini and Pollard, Thomas D},
title = {{Formins filter modified actin subunits during processive elongation.}},
journal = {Journal of structural biology},
year = {2012},
volume = {177},
number = {1},
pages = {32--39},
month = jan
}

@article{Nobes:1999wm,
author = {Nobes, C D and Hall, A},
title = {{Rho GTPases control polarity, protrusion, and adhesion during cell movement.}},
journal = {The Journal of cell biology},
year = {1999},
volume = {144},
number = {6},
pages = {1235--1244},
month = mar
}

@article{Lammers:2008gi,
author = {Lammers, Michael and Meyer, Simon and K{\"u}hlmann, Dorothee and Wittinghofer, Alfred},
title = {{Specificity of interactions between mDia isoforms and Rho proteins.}},
journal = {The Journal of biological chemistry},
year = {2008},
volume = {283},
number = {50},
pages = {35236--35246},
month = dec
}

@article{Ridley:2001wu,
author = {Ridley, A J},
title = {{Rho GTPases and cell migration.}},
journal = {Journal of cell science},
year = {2001},
volume = {114},
number = {Pt 15},
pages = {2713--2722},
month = aug
}

@article{Spiga:-Q9d6fq4,
author = {Spiga, Fabio M and Prouteau, Manoel and Gotta, Monica},
title = {{The TAO kinase KIN-18 regulates contractility and establishment of polarity in the C. elegans embryo.}}
}

@article{Pring:2003dw,
author = {Pring, Martin and Evangelista, Marie and Boone, Charles and Yang, Changsong and Zigmond, Sally H},
title = {{Mechanism of formin-induced nucleation of actin filaments.}},
journal = {Biochemistry},
year = {2003},
volume = {42},
number = {2},
pages = {486--496},
month = jan
}

@article{Leptin:1995by,
author = {Leptin, M},
title = {{Drosophila gastrulation: from pattern formation to morphogenesis.}},
journal = {Annual review of cell and developmental biology},
year = {1995},
volume = {11},
number = {1},
pages = {189--212}
}

@article{Takeichi:2014fr,
author = {Takeichi, Masatoshi},
title = {{Dynamic contacts: rearranging adherens junctions to drive epithelial remodelling.}},
journal = {Nature reviews. Molecular cell biology},
year = {2014},
volume = {15},
number = {6},
pages = {397--410},
month = jun
}

@article{Paluch:2009dy,
author = {Paluch, Ewa and Heisenberg, Carl-Philipp},
title = {{Biology and physics of cell shape changes in development.}},
journal = {Current biology : CB},
year = {2009},
volume = {19},
number = {17},
pages = {R790--9},
month = sep
}

@article{Kolega:1998um,
author = {Kolega, J},
title = {{Cytoplasmic dynamics of myosin IIA and IIB: spatial 'sorting' of isoforms in locomoting cells.}},
journal = {Journal of cell science},
year = {1998},
volume = {111 ( Pt 15)},
pages = {2085--2095},
month = aug
}

@article{dosRemedios:2003dl,
author = {dos Remedios, C G and Chhabra, D and Kekic, M and Dedova, I V and Tsubakihara, M and Berry, D A and Nosworthy, N J},
title = {{Actin binding proteins: regulation of cytoskeletal microfilaments.}},
journal = {Physiological reviews},
year = {2003},
volume = {83},
number = {2},
pages = {433--473},
month = apr
}

@article{Nobes:1995wn,
author = {Nobes, C D and Hall, A},
title = {{Rho, rac and cdc42 GTPases: regulators of actin structures, cell adhesion and motility.}},
journal = {Biochemical Society transactions},
year = {1995},
volume = {23},
number = {3},
pages = {456--459},
month = aug
}

@article{Leptin:1990ub,
author = {Leptin, M and Grunewald, B},
title = {{Cell shape changes during gastrulation in Drosophila.}},
journal = {Development (Cambridge, England)},
year = {1990},
volume = {110},
number = {1},
pages = {73--84},
month = sep
}

@article{Sawyer:2010ku,
author = {Sawyer, Jacob M and Harrell, Jessica R and Shemer, Gidi and Sullivan-Brown, Jessica and Roh-Johnson, Minna and Goldstein, Bob},
title = {{Apical constriction: a cell shape change that can drive morphogenesis.}},
journal = {Developmental biology},
year = {2010},
volume = {341},
number = {1},
pages = {5--19},
month = may
}

@article{Keller:2006dc,
author = {Keller, Ray},
title = {{Mechanisms of elongation in embryogenesis.}},
year = {2006},
volume = {133},
number = {12},
pages = {2291--2302},
month = jun
}

@article{Hall:2012cg,
author = {Hall, Alan},
title = {{Rho family GTPases.}},
journal = {Biochemical Society transactions},
year = {2012},
volume = {40},
number = {6},
pages = {1378--1382},
month = dec
}

@article{Toyoshima:1987kf,
author = {Toyoshima, Y Y and Kron, S J and McNally, E M and Niebling, K R and Toyoshima, C and Spudich, J A},
title = {{Myosin subfragment-1 is sufficient to move actin filaments in vitro.}},
journal = {Nature},
year = {1987},
volume = {328},
number = {6130},
pages = {536--539},
month = aug
}

@article{Machado:2014fx,
author = {Machado, P F and Blanchard, G B and Duque, J and Gorfinkiel, N},
title = {{Cytoskeletal turnover and Myosin contractility drive cell autonomous oscillations in a model of Drosophila Dorsal Closure}},
journal = {The European Physical Journal Special Topics},
year = {2014},
volume = {223},
number = {7},
pages = {1391--1402},
month = jun
}

@article{HOLTFRETER:1946tu,
author = {HOLTFRETER, J},
title = {{Experiments on the formed inclusions of the amphibian egg; the effect of pH and electrolytes on yolk and lipochondria.}},
journal = {The Journal of experimental zoology},
year = {1946},
volume = {101},
pages = {355--405},
month = apr
}

@article{Blanchard:AbyBXnW2,
author = {Blanchard, Guy B and Kabla, Alexandre J and Schultz, Nora L and Butler, Lucy C and Sanson, Benedicte and Gorfinkiel, Nicole and Mahadevan, L and Adams, Richard J},
title = {{Tissue tectonics: morphogenetic strain rates, cell shape change and intercalation.}}
}

@article{Rossman:2005do,
author = {Rossman, Kent L and Der, Channing J and Sondek, John},
title = {{GEF means go: turning on RHO GTPases with guanine nucleotide-exchange factors.}},
journal = {Nature Reviews Molecular Cell Biology},
year = {2005},
volume = {6},
number = {2},
pages = {167--180},
month = feb
}

@article{Stiess:2011ji,
title = {{Neuronal polarization: the cytoskeleton leads the way.}},
journal = {Developmental neurobiology},
year = {2011},
volume = {71},
number = {6},
pages = {430--444},
month = jun
}

@article{Kim:2011cc,
author = {Kim, Hye Young and Davidson, Lance A},
title = {{Punctuated actin contractions during convergent extension and their permissive regulation by the non-canonical Wnt-signaling pathway.}},
journal = {Journal of cell science},
year = {2011},
volume = {124},
number = {Pt 4},
pages = {635--646},
month = feb
}

@article{Odell:1981vy,
author = {Odell, G M and Oster, G and Alberch, P and Burnside, B},
title = {{The mechanical basis of morphogenesis. I. Epithelial folding and invagination.}},
journal = {Developmental biology},
year = {1981},
volume = {85},
number = {2},
pages = {446--462},
month = jul
}

@article{Sit:2011ia,
author = {Sit, Soon-Tuck and Manser, Ed},
title = {{Rho GTPases and their role in organizing the actin cytoskeleton.}},
journal = {Journal of cell science},
year = {2011},
volume = {124},
number = {Pt 5},
pages = {679--683},
month = mar
}

@article{Kodera:2010cj,
author = {Kodera, Noriyuki and Yamamoto, Daisuke and Ishikawa, Ryoki and Ando, Toshio},
title = {{Video imaging of walking myosin V by high-speed atomic force microscopy.}},
journal = {Nature},
year = {2010},
volume = {468},
number = {7320},
pages = {72--76},
month = nov
}

@article{OConnell:2007hb,
author = {O'Connell, Christopher B and Tyska, Matthew J and Mooseker, Mark S},
title = {{Myosin at work: motor adaptations for a variety of cellular functions.}},
journal = {Biochimica et biophysica acta},
year = {2007},
volume = {1773},
number = {5},
pages = {615--630},
month = may
}

@article{Moussavi:1993up,
author = {Moussavi, R S and Kelley, C A and Adelstein, R S},
title = {{Phosphorylation of vertebrate nonmuscle and smooth muscle myosin heavy chains and light chains.}},
journal = {Molecular and cellular biochemistry},
year = {1993},
volume = {127-128},
pages = {219--227},
month = nov
}

@article{Simpson:1983wv,
author = {Simpson, P},
title = {{Maternal-Zygotic Gene Interactions during Formation of the Dorsoventral Pattern in Drosophila Embryos.}},
journal = {Genetics},
year = {1983},
volume = {105},
number = {3},
pages = {615--632},
month = nov
}

@article{Dickinson:2013ea,
author = {Dickinson, Daniel J and Ward, Jordan D and Reiner, David J and Goldstein, Bob},
title = {{Engineering the Caenorhabditis elegans genome using Cas9-triggered homologous recombination.}},
journal = {Nature methods},
year = {2013},
volume = {10},
number = {10},
pages = {1028--1034},
month = oct
}

@book{Goldbeter:1996aa,
author = {Goldbeter, Albert},
title = {{Biochemical Oscillations and Cellular Rhythms: The Molecular Bases of Periodic and Chaotic Behavior}},
publisher = {Cambridge Univ. Press},
year = {1996},
address = {Cambridge, UK}
}

@article{Chen:2011jh,
author = {Chen, Qian and Pollard, Thomas D},
title = {{Actin filament severing by cofilin is more important for assembly than constriction of the cytokinetic contractile ring.}},
journal = {The Journal of cell biology},
year = {2011},
volume = {195},
number = {3},
pages = {485--498},
month = oct
}

@article{Kondo:2010bx,
author = {Kondo, Shigeru and Miura, Takashi},
title = {{Reaction-diffusion model as a framework for understanding biological pattern formation.}},
journal = {Science (New York, N.Y.)},
year = {2010},
volume = {329},
number = {5999},
pages = {1616--1620},
month = sep
}

@article{Martin:2010je,
author = {Martin, Adam C and Gelbart, Michael and Fernandez-Gonzalez, Rodrigo and Kaschube, Matthias and Wieschaus, Eric F},
title = {{Integration of contractile forces during tissue invagination.}},
journal = {The Journal of cell biology},
year = {2010},
volume = {188},
number = {5},
pages = {735--749},
month = mar
}

@article{Blankenship:2006jg,
author = {Blankenship, J Todd and Backovic, Stephanie T and Sanny, Justina S P and Weitz, Ori and Zallen, Jennifer A},
title = {{Multicellular rosette formation links planar cell polarity to tissue morphogenesis.}},
journal = {Developmental cell},
year = {2006},
volume = {11},
number = {4},
pages = {459--470},
month = oct
}

@article{Goley:2006cr,
author = {Goley, Erin D and Welch, Matthew D},
title = {{The ARP2/3 complex: an actin nucleator comes of age.}},
journal = {Nature Reviews Molecular Cell Biology},
year = {2006},
volume = {7},
number = {10},
pages = {713--726},
month = oct
}

@article{Vichas:2011bz,
author = {Vichas, Athea and Zallen, Jennifer A},
title = {{Translating cell polarity into tissue elongation.}},
journal = {Seminars in cell {\&} developmental biology},
year = {2011},
volume = {22},
number = {8},
pages = {858--864},
month = oct
}

@article{Schonegg:2006ed,
author = {Schonegg, Stephanie and Hyman, Anthony A},
title = {{CDC-42 and RHO-1 coordinate acto-myosin contractility and PAR protein localization during polarity establishment in C. elegans embryos.}},
journal = {Development (Cambridge, England)},
year = {2006},
volume = {133},
number = {18},
pages = {3507--3516},
month = sep
}

@article{Huxley:2004he,
author = {Huxley, Hugh E},
title = {{Fifty years of muscle and the sliding filament hypothesis.}},
journal = {European journal of biochemistry / FEBS},
year = {2004},
volume = {271},
number = {8},
pages = {1403--1415},
month = apr
}

@article{Leptin:1992tg,
author = {Leptin, M and Casal, J and Grunewald, B and Reuter, R},
title = {{Mechanisms of early Drosophila mesoderm formation.}},
journal = {Development (Cambridge, England). Supplement},
year = {1992},
pages = {23--31}
}

@article{Miller:2013kc,
author = {Miller, Callie Johnson and Davidson, Lance A},
title = {{The interplay between cell signalling and mechanics in developmental processes.}},
journal = {Nature reviews. Genetics},
year = {2013},
volume = {14},
number = {10},
pages = {733--744},
month = oct
}

@article{Gorfinkiel:2016bv,
author = {Gorfinkiel, Nicole},
title = {{From actomyosin oscillations to tissue-level deformations.}},
journal = {Developmental dynamics : an official publication of the American Association of Anatomists},
year = {2016},
volume = {245},
number = {3},
pages = {268--275},
month = mar
}

@article{Hickson:2008hu,
author = {Hickson, Gilles R X and O'Farrell, Patrick H},
title = {{Rho-dependent control of anillin behavior during cytokinesis.}},
journal = {The Journal of cell biology},
year = {2008},
volume = {180},
number = {2},
pages = {285--294},
month = jan
}

@article{Keller:2002ko,
author = {Keller, Ray},
title = {{Shaping the vertebrate body plan by polarized embryonic cell movements.}},
journal = {Science (New York, N.Y.)},
year = {2002},
volume = {298},
number = {5600},
pages = {1950--1954},
month = dec
}

@article{Salbreux:2007fc,
author = {Salbreux, G and Joanny, J F and Prost, J and Pullarkat, P},
title = {{Shape oscillations of non-adhering fibroblast cells.}},
journal = {Physical biology},
year = {2007},
volume = {4},
number = {4},
pages = {268--284},
month = dec
}

@article{Zhou:2010fn,
author = {Zhou, Qiongqiong and Kee, Yee-Seir and Poirier, Christopher C and Jelinek, Christine and Osborne, Jonathan and Divi, Srikanth and Surcel, Alexandra and Will, Marie E and Eggert, Ulrike S and M{\"u}ller-Taubenberger, Annette and Iglesias, Pablo A and Cotter, Robert J and Robinson, Douglas N},
title = {{14-3-3 coordinates microtubules, Rac, and myosin II to control cell mechanics and cytokinesis.}},
journal = {Current biology : CB},
year = {2010},
volume = {20},
number = {21},
pages = {1881--1889},
month = nov
}

@article{Kovar:2006fm,
author = {Kovar, David R and Harris, Elizabeth S and Mahaffy, Rachel and Higgs, Henry N and Pollard, Thomas D},
title = {{Control of the assembly of ATP- and ADP-actin by formins and profilin.}},
journal = {Cell},
year = {2006},
volume = {124},
number = {2},
pages = {423--435},
month = jan
}

@article{Suarez:2016bw,
author = {Suarez, Cristian and Kovar, David R},
title = {{Internetwork competition for monomers governs actin cytoskeleton organization.}},
journal = {Nature Reviews Molecular Cell Biology},
year = {2016},
month = sep
}

@article{Sagot:2002is,
author = {Sagot, Isabelle and Rodal, Avital A and Moseley, James and Goode, Bruce L and Pellman, David},
title = {{An actin nucleation mechanism mediated by Bni1 and profilin.}},
journal = {Nature cell biology},
year = {2002},
volume = {4},
number = {8},
pages = {626--631},
month = aug
}

@article{Maddox:2007cx,
author = {Maddox, Amy Shaub and Lewellyn, Lindsay and Desai, Arshad and Oegema, Karen},
title = {{Anillin and the septins promote asymmetric ingression of the cytokinetic furrow.}},
journal = {Developmental cell},
year = {2007},
volume = {12},
number = {5},
pages = {827--835},
month = may
}

@book{Landau:1987uk,
author = {Landau, L D and Lifshitz, E M},
title = {{Fluid Mechanics, Second Edition: Volume 6 (Course of Theoretical Physics)}},
publisher = {Butterworth-Heinemann},
year = {1987},
month = jan
}

@article{Heller:2015fy,
author = {Heller, Evan and Fuchs, Elaine},
title = {{Tissue patterning and cellular mechanics.}},
journal = {The Journal of cell biology},
year = {2015},
volume = {211},
number = {2},
pages = {219--231},
month = oct
}

@article{Schwartz:2008cr,
author = {Schwartz, Martin A and DeSimone, Douglas W},
title = {{Cell adhesion receptors in mechanotransduction.}},
journal = {Current opinion in cell biology},
year = {2008},
volume = {20},
number = {5},
pages = {551--556},
month = oct
}

@incollection{Cremo:2007ba,
author = {Cremo, Christine R and Hartshorne, David J},
title = {{Smooth-Muscle Myosin II}},
booktitle = {Myosins},
year = {2008},
pages = {171--222},
publisher = {Springer Netherlands},
address = {Dordrecht}
}

@article{Adelstein:1975vn,
author = {Adelstein, R S and Conti, M A},
title = {{Phosphorylation of platelet myosin increases actin-activated myosin ATPase activity.}},
journal = {Nature},
year = {1975},
volume = {256},
number = {5518},
pages = {597--598},
month = aug
}

@article{Bishop:2000wp,
author = {Bishop, A L and Hall, A},
title = {{Rho GTPases and their effector proteins.}},
journal = {The Biochemical journal},
year = {2000},
volume = {348 Pt 2},
pages = {241--255},
month = jun
}

@article{Saravanan:2013ja,
author = {Saravanan, Surat and Meghana, C and Narasimha, Maithreyi},
title = {{Local, cell-nonautonomous feedback regulation of myosin dynamics patterns transitions in cell behavior: a role for tension and geometry?}},
journal = {Molecular biology of the cell},
year = {2013},
volume = {24},
number = {15},
pages = {2350--2361},
month = aug
}

@article{Hayakawa:2011dq,
author = {Hayakawa, Kimihide and Tatsumi, Hitoshi and Sokabe, Masahiro},
title = {{Actin filaments function as a tension sensor by tension-dependent binding of cofilin to the filament.}},
journal = {The Journal of cell biology},
year = {2011},
volume = {195},
number = {5},
pages = {721--727},
month = nov
}

@article{Barrett:1997uo,
author = {Barrett, K and Leptin, M and Settleman, J},
title = {{The Rho GTPase and a putative RhoGEF mediate a signaling pathway for the cell shape changes in Drosophila gastrulation.}},
journal = {Cell},
year = {1997},
volume = {91},
number = {7},
pages = {905--915},
month = dec
}

@article{DeLaCruz:2015hf,
author = {De La Cruz, Enrique M and Martiel, Jean-Louis and Blanchoin, Laurent},
title = {{Mechanical heterogeneity favors fragmentation of strained actin filaments.}},
journal = {Biophysical journal},
year = {2015},
volume = {108},
number = {9},
pages = {2270--2281},
month = may
}

@article{Ren:2009ep,
author = {Ren, Yixin and Effler, Janet C and Norstrom, Melanie and Luo, Tianzhi and Firtel, Richard A and Iglesias, Pablo A and Rock, Ronald S and Robinson, Douglas N},
title = {{Mechanosensing through cooperative interactions between myosin II and the actin crosslinker cortexillin I.}},
journal = {Current biology : CB},
year = {2009},
volume = {19},
number = {17},
pages = {1421--1428},
month = sep
}

@article{Swan:1998tv,
author = {Swan, K A and Severson, A F and Carter, J C and Martin, P R and Schnabel, H and Schnabel, R and Bowerman, B},
title = {{cyk-1: a C. elegans FH gene required for a late step in embryonic cytokinesis.}},
journal = {Journal of cell science},
year = {1998},
volume = {111 ( Pt 14)},
pages = {2017--2027},
month = jul
}

@article{Xu:2004vc,
author = {Xu, Yingwu and Moseley, James B and Sagot, Isabelle and Poy, Florence and Pellman, David and Goode, Bruce L and Eck, Michael J},
title = {{Crystal structures of a Formin Homology-2 domain reveal a tethered dimer architecture.}},
journal = {Cell},
year = {2004},
volume = {116},
number = {5},
pages = {711--723},
month = mar
}

@article{Meinhardt:1974vd,
author = {Meinhardt, H and Gierer, A},
title = {{Applications of a theory of biological pattern formation based on lateral inhibition.}},
journal = {Journal of cell science},
year = {1974},
volume = {15},
number = {2},
pages = {321--346},
month = jul
}

@article{Aoki:2016ek,
author = {Aoki, Kana and Maeda, Fumiyo and Nagasako, Tomoya and Mochizuki, Yuki and Uchida, Seiichi and Ikenouchi, Junichi},
title = {{A RhoA and Rnd3 cycle regulates actin reassembly during membrane blebbing.}},
journal = {Proceedings of the National Academy of Sciences of the United States of America},
year = {2016},
volume = {113},
number = {13},
pages = {E1863--71},
month = mar
}

@article{Pring:1992us,
author = {Pring, M and Weber, A and Bubb, M R},
title = {{Profilin-actin complexes directly elongate actin filaments at the barbed end.}},
journal = {Biochemistry},
year = {1992},
volume = {31},
number = {6},
pages = {1827--1836},
month = feb
}

@article{Keller:2005kx,
author = {Keller, Ray},
title = {{Cell migration during gastrulation.}},
journal = {Current opinion in cell biology},
year = {2005},
volume = {17},
number = {5},
pages = {533--541},
month = oct
}

@article{Stankiewicz:2014bz,
author = {Stankiewicz, Trisha R and Linseman, Daniel A},
title = {{Rho family GTPases: key players in neuronal development, neuronal survival, and neurodegeneration.}},
journal = {Frontiers in cellular neuroscience},
year = {2014},
volume = {8},
number = {809},
pages = {314}
}

@article{Hickson:2006iu,
author = {Hickson, Gilles R X and Echard, Arnaud and O'Farrell, Patrick H},
title = {{Rho-kinase controls cell shape changes during cytokinesis.}},
journal = {Current biology : CB},
year = {2006},
volume = {16},
number = {4},
pages = {359--370},
month = feb
}

@article{Effler:2006hc,
author = {Effler, Janet C and Kee, Yee-Seir and Berk, Jason M and Tran, Minhchau N and Iglesias, Pablo A and Robinson, Douglas N},
title = {{Mitosis-specific mechanosensing and contractile-protein redistribution control cell shape.}},
journal = {Current biology : CB},
year = {2006},
volume = {16},
number = {19},
pages = {1962--1967},
month = oct
}

@article{Zhang:2015bx,
author = {Zhang, Donglei and Glotzer, Michael},
title = {{The RhoGAP activity of CYK-4/MgcRacGAP functions non-canonically by promoting RhoA activation during cytokinesis.}},
journal = {eLife},
year = {2015},
volume = {4},
pages = {204}
}

@article{Piekny:2008jf,
author = {Piekny, Alisa J and Glotzer, Michael},
title = {{Anillin is a scaffold protein that links RhoA, actin, and myosin during cytokinesis.}},
journal = {Current biology : CB},
year = {2008},
volume = {18},
number = {1},
pages = {30--36},
month = jan
}

@article{Wang:2005gi,
author = {Wang, Juan and Barr, Maureen M},
title = {{RNA interference in Caenorhabditis elegans.}},
journal = {Methods in enzymology},
year = {2005},
volume = {392},
pages = {36--55}
}

@article{daSilva:2007er,
author = {da Silva, Sara Morais and Vincent, Jean-Paul},
title = {{Oriented cell divisions in the extending germband of Drosophila.}},
journal = {Development (Cambridge, England)},
year = {2007},
volume = {134},
number = {17},
pages = {3049--3054},
month = sep
}

@article{Saha:2016ie,
author = {Saha, Arnab and Nishikawa, Masatoshi and Behrndt, Martin and Heisenberg, Carl-Philipp and J{\"u}licher, Frank and Grill, Stephan W},
title = {{Determining Physical Properties of the Cell Cortex.}},
journal = {Biophysical journal},
year = {2016},
volume = {110},
number = {6},
pages = {1421--1429},
month = mar
}

@article{Lecuit:2011ec,
author = {Lecuit, Thomas and Lenne, Pierre-Fran{\c c}ois and Munro, Edwin},
title = {{Force generation, transmission, and integration during cell and tissue morphogenesis.}},
journal = {Annual review of cell and developmental biology},
year = {2011},
volume = {27},
number = {1},
pages = {157--184}
}

@article{Bornens:1989wc,
author = {Bornens, M and Paintrand, M and Celati, C},
title = {{The cortical microfilament system of lymphoblasts displays a periodic oscillatory activity in the absence of microtubules: implications for cell polarity.}},
journal = {The Journal of cell biology},
year = {1989},
volume = {109},
number = {3},
pages = {1071--1083},
month = sep
}

@article{Ikebe:1989wc,
author = {Ikebe, M},
title = {{Phosphorylation of a second site for myosin light chain kinase on platelet myosin.}},
journal = {Biochemistry},
year = {1989},
volume = {28},
number = {22},
pages = {8750--8755},
month = oct
}

@article{Maitre:2015hc,
author = {Ma{\^\i}tre, Jean-L{\'e}on and Niwayama, Ritsuya and Turlier, Herv{\'e} and N{\'e}d{\'e}lec, Fran{\c c}ois and Hiiragi, Takashi},
title = {{Pulsatile cell-autonomous contractility drives compaction in the mouse embryo.}},
journal = {Nature cell biology},
year = {2015},
volume = {17},
number = {7},
pages = {849--855},
month = jul
}

@article{Zong:2001ho,
author = {Zong, H and Kaibuchi, K and Quilliam, L A},
title = {{The insert region of RhoA is essential for Rho kinase activation and cellular transformation.}},
journal = {Molecular and cellular biology},
year = {2001},
volume = {21},
number = {16},
pages = {5287--5298},
month = aug
}

@article{Heisenberg:2013jk,
author = {Heisenberg, Carl-Philipp and Bella{\"\i}che, Yohanns},
title = {{Forces in tissue morphogenesis and patterning.}},
journal = {Cell},
year = {2013},
volume = {153},
number = {5},
pages = {948--962},
month = may
}

@article{DeLaCruz:2004fq,
author = {De La Cruz, Enrique M and Ostap, E Michael},
title = {{Relating biochemistry and function in the myosin superfamily.}},
journal = {Current opinion in cell biology},
year = {2004},
volume = {16},
number = {1},
pages = {61--67},
month = feb
}

@article{Mehta:1999fy,
author = {Mehta, A D and Rock, R S and Rief, M and Spudich, J A and Mooseker, M S and Cheney, R E},
title = {{Myosin-V is a processive actin-based motor.}},
journal = {Nature},
year = {1999},
volume = {400},
number = {6744},
pages = {590--593},
month = aug
}

@article{Gierer:1972vq,
author = {Gierer, A and Meinhardt, H},
title = {{A theory of biological pattern formation.}},
journal = {Kybernetik},
year = {1972},
volume = {12},
number = {1},
pages = {30--39},
month = dec
}

@article{Murrell:2015kt,
author = {Murrell, Michael and Oakes, Patrick W and Lenz, Martin and Gardel, Margaret L},
title = {{Forcing cells into shape: the mechanics of actomyosin contractility.}},
journal = {Nature reviews. Molecular cell biology},
year = {2015},
volume = {16},
number = {8},
pages = {486--498},
month = aug
}

@article{Munjal:2014ep,
author = {Munjal, A and Lecuit, T},
title = {{Actomyosin networks and tissue morphogenesis}},
year = {2014},
volume = {141},
number = {9},
pages = {1789--1793},
month = apr
}

@article{Costigliola:2010ir,
author = {Costigliola, Nancy and Kapustina, Maryna T and Weinreb, Gabriel E and Monteith, Andrew and Rajfur, Zenon and Elston, Timothy C and Jacobson, Ken},
title = {{RhoA regulates calcium-independent periodic contractions of the cell cortex.}},
journal = {Biophysical journal},
year = {2010},
volume = {99},
number = {4},
pages = {1053--1063},
month = aug
}

@article{Salbreux:2012bo,
author = {Salbreux, Guillaume and Charras, Guillaume and Paluch, Ewa},
title = {{Actin cortex mechanics and cellular morphogenesis.}},
journal = {Trends in cell biology},
year = {2012},
volume = {22},
number = {10},
pages = {536--545},
month = oct
}

@article{Nishimura:2009gt,
author = {Nishimura, Tamako and Takeichi, Masatoshi},
title = {{Remodeling of the adherens junctions during morphogenesis.}},
journal = {Current topics in developmental biology},
year = {2009},
volume = {89},
pages = {33--54}
}

@article{Rauzi:2008gz,
author = {Rauzi, Matteo and Verant, Pascale and Lecuit, Thomas and Lenne, Pierre-Fran{\c c}ois},
title = {{Nature and anisotropy of cortical forces orienting Drosophila tissue morphogenesis.}},
journal = {Nature cell biology},
year = {2008},
volume = {10},
number = {12},
pages = {1401--1410},
month = dec
}

@article{Symons:2003vy,
author = {Symons, Marc and Rusk, Nicole},
title = {{Control of vesicular trafficking by Rho GTPases.}},
journal = {Current biology : CB},
year = {2003},
volume = {13},
number = {10},
pages = {R409--18},
month = may
}

@article{HOLTFRETER:1948ug,
author = {HOLTFRETER, J},
title = {{Significance of the cell membrane in embryonic processes.}},
journal = {Annals of the New York Academy of Sciences},
year = {1948},
volume = {49},
number = {Art 5},
pages = {709--760},
month = sep
}

@article{Umemoto:1989tw,
author = {Umemoto, S and Bengur, A R and Sellers, J R},
title = {{Effect of multiple phosphorylations of smooth muscle and cytoplasmic myosins on movement in an in vitro motility assay.}},
journal = {The Journal of biological chemistry},
year = {1989},
volume = {264},
number = {3},
pages = {1431--1436},
month = jan
}

@article{Higgs:2005hn,
author = {Higgs, Henry N and Peterson, Kevin J},
title = {{Phylogenetic analysis of the formin homology 2 domain.}},
journal = {Molecular biology of the cell},
year = {2005},
volume = {16},
number = {1},
pages = {1--13},
month = jan
}

@article{Fischer:2014hm,
author = {Fischer, Sabine C and Blanchard, Guy B and Duque, Julia and Adams, Richard J and Arias, Alfonso Martinez and Guest, Simon D and Gorfinkiel, Nicole},
title = {{Contractile and mechanical properties of epithelia with perturbed actomyosin dynamics.}},
journal = {PloS one},
year = {2014},
volume = {9},
number = {4},
pages = {e95695}
}

@article{Ebrahim:2013cu,
author = {Ebrahim, Seham and Fujita, Tomoki and Millis, Bryan A and Kozin, Elliott and Ma, Xuefei and Kawamoto, Sachiyo and Baird, Michelle A and Davidson, Michael and Yonemura, Shigenobu and Hisa, Yasuo and Conti, Mary Anne and Adelstein, Robert S and Sakaguchi, Hirofumi and Kachar, Bechara},
title = {{NMII forms a contractile transcellular sarcomeric network to regulate apical cell junctions and tissue geometry.}},
journal = {Current biology : CB},
year = {2013},
volume = {23},
number = {8},
pages = {731--736},
month = apr
}

@article{Pollard:2000bla,
author = {Pollard, T D and Blanchoin, L and Mullins, R D},
title = {{Molecular mechanisms controlling actin filament dynamics in nonmuscle cells.}},
journal = {Annual review of biophysics and biomolecular structure},
year = {2000},
volume = {29},
number = {1},
pages = {545--576}
}

@article{Edwards:2014gb,
author = {Edwards, Marc and Zwolak, Adam and Schafer, Dorothy A and Sept, David and Dominguez, Roberto and Cooper, John A},
title = {{Capping protein regulators fine-tune actin assembly dynamics.}},
journal = {Nature Reviews Molecular Cell Biology},
year = {2014},
volume = {15},
number = {10},
pages = {677--689},
month = oct
}

@booklet{Maienschein:1991vk,
title = {{The origins of Entwicklungsmechanik.}},
author = {Maienschein, J},
address = {Department of Philosophy, Arizona State University, Tempe 85287.},
year = {1991}
}

@article{Tyska:2002ck,
author = {Tyska, Matthew J and Warshaw, David M},
title = {{The myosin power stroke.}},
journal = {Cell Motility and the Cytoskeleton},
year = {2002},
volume = {51},
number = {1},
pages = {1--15},
month = jan
}

@article{Harris:1993tw,
author = {Harris, D E and Warshaw, D M},
title = {{Smooth and skeletal muscle myosin both exhibit low duty cycles at zero load in vitro.}},
journal = {The Journal of biological chemistry},
year = {1993},
volume = {268},
number = {20},
pages = {14764--14768},
month = jul
}

@article{Frenette:2012do,
author = {Frenette, Paul and Haines, Eric and Loloyan, Michael and Kinal, Mena and Pakarian, Paknoosh and Piekny, Alisa},
title = {{An anillin-Ect2 complex stabilizes central spindle microtubules at the cortex during cytokinesis.}},
journal = {PloS one},
year = {2012},
volume = {7},
number = {4},
pages = {e34888}
}

@article{Christodoulou:2015kb,
author = {Christodoulou, Neophytos and Skourides, Paris A},
title = {{Cell-Autonomous Ca(2+) Flashes Elicit Pulsed Contractions of an Apical Actin Network to Drive Apical Constriction during Neural Tube Closure.}},
journal = {Cell reports},
year = {2015},
volume = {13},
number = {10},
pages = {2189--2202},
month = dec
}

@article{Vavylonis:2006im,
author = {Vavylonis, Dimitrios and Kovar, David R and O'Shaughnessy, Ben and Pollard, Thomas D},
title = {{Model of formin-associated actin filament elongation.}},
journal = {Molecular cell},
year = {2006},
volume = {21},
number = {4},
pages = {455--466},
month = feb
}

@article{Carlsson:1977tv,
author = {Carlsson, L and Nystr{\"o}m, L E and Sundkvist, I and Markey, F and Lindberg, U},
title = {{Actin polymerizability is influenced by profilin, a low molecular weight protein in non-muscle cells.}},
journal = {Journal of molecular biology},
year = {1977},
volume = {115},
number = {3},
pages = {465--483},
month = sep
}

@article{Turing:1952vn,
author = {Turing, A M},
title = {{The Chemical Basis of Morphogenesis}},
journal = {Philosophical transactions of the Royal Society of London. Series B, Biological sciences},
year = {1952},
volume = {237},
number = {641},
pages = {37--72}
}

@article{Yuce:2005hz,
author = {Y{\"u}ce, Ozlem and Piekny, Alisa and Glotzer, Michael},
title = {{An ECT2-centralspindlin complex regulates the localization and function of RhoA.}},
journal = {The Journal of cell biology},
year = {2005},
volume = {170},
number = {4},
pages = {571--582},
month = aug
}

@article{HOLTFRETER:1947ta,
author = {HOLTFRETER, J},
title = {{Morphogenesis, crenation and cytolytic reactions of the erythrocytes of amphibians.}},
year = {1947},
volume = {80},
number = {3},
pages = {345--367},
month = may
}

@article{Zhang:2002gz,
author = {Zhang, Jin and Campbell, Robert E and Ting, Alice Y and Tsien, Roger Y},
title = {{Creating new fluorescent probes for cell biology.}},
journal = {Nature Reviews Molecular Cell Biology},
year = {2002},
volume = {3},
number = {12},
pages = {906--918},
month = dec
}

@book{Steinberg:2004ei,
author = {Steinberg, Malcolm S and Gilbert, Scott F},
title = {{Townes and Holtfreter (1955): directed movements and selective adhesion of embryonic amphibian cells.}},
publisher = {Wiley Subscription Services, Inc., A Wiley Company},
year = {2004},
volume = {301},
address = {Department of Molecular Biology, Princeton University, Princeton, NJ 08544, USA.},
month = sep
}

@article{Julicher:1995je,
author = {J{\"u}licher, F and Prost, J},
title = {{Cooperative molecular motors.}},
journal = {Physical review letters},
year = {1995},
volume = {75},
number = {13},
pages = {2618--2621},
month = sep
}

@article{Gorfinkiel:2011ik,
author = {Gorfinkiel, Nicole and Blanchard, Guy B},
title = {{Dynamics of actomyosin contractile activity during epithelial morphogenesis.}},
journal = {Current opinion in cell biology},
year = {2011},
volume = {23},
number = {5},
pages = {531--539},
month = oct
}

@article{Blanchard:2009jm,
author = {Blanchard, Guy B and Kabla, Alexandre J and Schultz, Nora L and Butler, Lucy C and Sanson, Benedicte and Gorfinkiel, Nicole and Mahadevan, L and Adams, Richard J},
title = {{Tissue tectonics: morphogenetic strain rates, cell shape change and intercalation.}},
journal = {Nature methods},
year = {2009},
volume = {6},
number = {6},
pages = {458--464},
month = jun
}

@article{Raftopoulou:2004wi,
author = {Raftopoulou, Myrto and Hall, Alan},
title = {{Cell migration: Rho GTPases lead the way.}},
journal = {Developmental biology},
year = {2004},
volume = {265},
number = {1},
pages = {23--32},
month = jan
}

@article{Blanchard:2010kt,
author = {Blanchard, G B and Murugesu, S and Adams, R J and Martinez-Arias, A and Gorfinkiel, N},
title = {{Cytoskeletal dynamics and supracellular organisation of cell shape fluctuations during dorsal closure}},
year = {2010},
volume = {137},
number = {16},
pages = {2743--2752},
month = jul
}

@article{Novak:2008eg,
author = {Nov{\'a}k, B{\'e}la and Tyson, John J},
title = {{Design principles of biochemical oscillators.}},
journal = {Nature Reviews Molecular Cell Biology},
year = {2008},
volume = {9},
number = {12},
pages = {981--991},
month = dec
}

@article{Ichetovkin:2002ur,
author = {Ichetovkin, Ilia and Grant, Wayne and Condeelis, John},
title = {{Cofilin produces newly polymerized actin filaments that are preferred for dendritic nucleation by the Arp2/3 complex.}},
journal = {Current biology : CB},
year = {2002},
volume = {12},
number = {1},
pages = {79--84},
month = jan
}

@article{Manukyan:2015gg,
author = {Manukyan, Arkadi and Ludwig, Kirsten and Sanchez-Manchinelly, Sergio and Parsons, Sarah J and Stukenberg, P Todd},
title = {{A complex of p190RhoGAP-A and anillin modulates RhoA-GTP and the cytokinetic furrow in human cells.}},
journal = {Journal of cell science},
year = {2015},
volume = {128},
number = {1},
pages = {50--60},
month = jan
}

@article{Clark:2014fj,
author = {Clark, Andrew G and Wartlick, Ortrud and Salbreux, Guillaume and Paluch, Ewa K},
title = {{Stresses at the cell surface during animal cell morphogenesis.}},
journal = {Current biology : CB},
year = {2014},
volume = {24},
number = {10},
pages = {R484--94},
month = may
}

@article{Kasza:2011ft,
author = {Kasza, Karen E and Zallen, Jennifer A},
title = {{Dynamics and regulation of contractile actin-myosin networks in morphogenesis.}},
journal = {Current opinion in cell biology},
year = {2011},
volume = {23},
number = {1},
pages = {30--38},
month = feb
}

@article{Zuchero:2009gs,
author = {Zuchero, J Bradley and Coutts, Amanda S and Quinlan, Margot E and Thangue, Nicholas B La and Mullins, R Dyche},
title = {{p53-cofactor JMY is a multifunctional actin nucleation factor.}},
journal = {Nature cell biology},
year = {2009},
volume = {11},
number = {4},
pages = {451--459},
month = apr
}

@article{Piccolo:2013jp,
author = {Piccolo, Stefano},
title = {{Developmental biology: Mechanics in the embryo.}},
journal = {Nature},
year = {2013},
volume = {504},
number = {7479},
pages = {223--225},
month = dec
}

@article{Miller:1989vn,
author = {Miller, K G and Field, C M and Alberts, B M},
title = {{Actin-binding proteins from Drosophila embryos: a complex network of interacting proteins detected by F-actin affinity chromatography.}},
journal = {The Journal of cell biology},
year = {1989},
volume = {109},
number = {6 Pt 1},
pages = {2963--2975},
month = dec
}

@article{Piekny:2010es,
author = {Piekny, Alisa J and Maddox, Amy Shaub},
title = {{The myriad roles of Anillin during cytokinesis.}},
journal = {Seminars in cell {\&} developmental biology},
year = {2010},
volume = {21},
number = {9},
pages = {881--891},
month = dec
}

@article{Zhou:s2BV0xud,
author = {Zhou, Qiongqiong and Kee, Yee-Seir and Poirier, Christopher C and Jelinek, Christine and Osborne, Jonathan and Divi, Srikanth and Surcel, Alexandra and Will, Marie E and Eggert, Ulrike S and M{\"u}ller-Taubenberger, Annette and Iglesias, Pablo A and Cotter, Robert J and Robinson, Douglas N},
title = {{14-3-3 coordinates microtubules, Rac, and myosin II to control cell mechanics and cytokinesis.}},
journal = {Current biology : CB},
year = {2010},
volume = {20},
number = {21},
pages = {1881--1889},
month = nov
}

@article{Balasubramanian:2004kg,
author = {Balasubramanian, Mohan K and Bi, Erfei and Glotzer, Michael},
title = {{Comparative analysis of cytokinesis in budding yeast, fission yeast and animal cells.}},
journal = {Current biology : CB},
year = {2004},
volume = {14},
number = {18},
pages = {R806--18},
month = sep
}

@article{Jaffe:2005kq,
author = {Jaffe, Aron B and Hall, Alan},
title = {{Rho GTPases: biochemistry and biology.}},
journal = {Annual review of cell and developmental biology},
year = {2005},
volume = {21},
number = {1},
pages = {247--269}
}

@article{Dickinson:2016cv,
author = {Dickinson, Daniel J and Goldstein, Bob},
title = {{CRISPR-Based Methods for Caenorhabditis elegans Genome Engineering.}},
journal = {Genetics},
year = {2016},
volume = {202},
number = {3},
pages = {885--901},
month = mar
}

@article{Ridley:2001wm,
author = {Ridley, A J},
title = {{Rho family proteins: coordinating cell responses.}},
journal = {Trends in cell biology},
year = {2001},
volume = {11},
number = {12},
pages = {471--477},
month = dec
}

@article{Keller:2000ho,
author = {Keller, R and Davidson, L and Edlund, A and Elul, T and Ezin, M and Shook, D and Skoglund, P},
title = {{Mechanisms of convergence and extension by cell intercalation.}},
journal = {Philosophical transactions of the Royal Society of London. Series B, Biological sciences},
year = {2000},
volume = {355},
number = {1399},
pages = {897--922},
month = jul
}

@article{David:2010bt,
author = {David, Daryl J V and Tishkina, Alisa and Harris, Tony J C},
title = {{The PAR complex regulates pulsed actomyosin contractions during amnioserosa apical constriction in Drosophila.}},
year = {2010},
volume = {137},
number = {10},
pages = {1645--1655},
month = may
}

@article{Kumar:2014ux,
author = {Kumar, K Vijay and Bois, Justin S and J{\"u}licher, Frank and Grill, Stephan W},
title = {{Pulsatory Patterns in Active Fluids}},
journal = {Physical review letters},
year = {2014},
volume = {112},
number = {20},
pages = {208101 EP --},
month = may
}

@article{Allard:2013if,
author = {Allard, Jun and Mogilner, Alex},
title = {{Traveling waves in actin dynamics and cell motility.}},
journal = {Current opinion in cell biology},
year = {2013},
volume = {25},
number = {1},
pages = {107--115},
month = feb
}

@article{Yumura:2005jj,
author = {Yumura, Shigehiko and Yoshida, Masashi and Betapudi, Venkaiah and Licate, Lucila S and Iwadate, Yoshiaki and Nagasaki, Akira and Uyeda, Taro Q P and Egelhoff, Thomas T},
title = {{Multiple myosin II heavy chain kinases: roles in filament assembly control and proper cytokinesis in Dictyostelium.}},
journal = {Molecular biology of the cell},
year = {2005},
volume = {16},
number = {9},
pages = {4256--4266},
month = sep
}

@article{Paluch:2005da,
author = {Paluch, Ewa and Piel, Matthieu and Prost, Jacques and Bornens, Michel and Sykes, C{\'e}cile},
title = {{Cortical actomyosin breakage triggers shape oscillations in cells and cell fragments.}},
journal = {Biophysical journal},
year = {2005},
volume = {89},
number = {1},
pages = {724--733},
month = jul
}

@article{HOLTFRETER:1947wl,
author = {HOLTFRETER, J},
title = {{Neural induction in explants which have passed through a sublethal cytolysis.}},
journal = {The Journal of experimental zoology},
year = {1947},
volume = {106},
number = {2},
pages = {197--222},
month = nov
}

@article{Tan:2015be,
author = {Tan, Pei Yi and Zaidel-Bar, Ronen},
title = {{Transient membrane localization of SPV-1 drives cyclical actomyosin contractions in the C. elegans spermatheca.}},
journal = {Current biology : CB},
year = {2015},
volume = {25},
number = {2},
pages = {141--151},
month = jan
}

@article{Hammer:2012dn,
author = {Hammer, John A and Sellers, James R},
title = {{Walking to work: roles for class V myosins as cargo transporters.}},
journal = {Nature Reviews Molecular Cell Biology},
year = {2012},
volume = {13},
number = {1},
pages = {13--26},
month = jan
}

@article{Heller:2014cx,
author = {Heller, Evan and Kumar, K Vijay and Grill, Stephan W and Fuchs, Elaine},
title = {{Forces generated by cell intercalation tow epidermal sheets in mammalian tissue morphogenesis.}},
journal = {Developmental cell},
year = {2014},
volume = {28},
number = {6},
pages = {617--632},
month = mar
}

@article{VicenteManzanares:2007ep,
author = {Vicente-Manzanares, Miguel and Zareno, Jessica and Whitmore, Leanna and Choi, Colin K and Horwitz, Alan F},
title = {{Regulation of protrusion, adhesion dynamics, and polarity by myosins IIA and IIB in migrating cells.}},
journal = {The Journal of cell biology},
year = {2007},
volume = {176},
number = {5},
pages = {573--580},
month = feb
}

@article{Scholey:1980ui,
author = {Scholey, J M and Taylor, K A and Kendrick-Jones, J},
title = {{Regulation of non-muscle myosin assembly by calmodulin-dependent light chain kinase.}},
journal = {Nature},
year = {1980},
volume = {287},
number = {5779},
pages = {233--235},
month = sep
}

@book{CamposOrtega:1985fh,
author = {Campos-Ortega, Jos{\'e} A and Hartenstein, Volker},
title = {{The Embryonic Development of Drosophila melanogaster}},
publisher = {Springer Berlin Heidelberg},
year = {1985},
address = {Berlin, Heidelberg}
}

@article{Schonegg:2007if,
author = {Schonegg, Stephanie and Constantinescu, Alexandru T and Hoege, Carsten and Hyman, Anthony A},
title = {{The Rho GTPase-activating proteins RGA-3 and RGA-4 are required to set the initial size of PAR domains in Caenorhabditis elegans one-cell embryos.}},
journal = {Proceedings of the National Academy of Sciences of the United States of America},
year = {2007},
volume = {104},
number = {38},
pages = {14976--14981},
month = sep
}

@article{VicenteManzanares:2011ha,
author = {Vicente-Manzanares, Miguel and Newell-Litwa, Karen and Bachir, Alexia I and Whitmore, Leanna A and Horwitz, Alan Rick},
title = {{Myosin IIA/IIB restrict adhesive and protrusive signaling to generate front-back polarity in migrating cells.}},
journal = {The Journal of cell biology},
year = {2011},
volume = {193},
number = {2},
pages = {381--396},
month = apr
}

@webpage{Strogatz:1994tz,
author = {Strogatz, Steven},
title = {{Nonlinear dynamics and chaos with applications to physics, biology, chemistry, and engineering}},
year = {1994},
month = jan,
url = {http://www.amazon.ca/exec/obidos/redirect?tag=citeulike09-20&amp;path=ASIN/0738204536}
}

@article{EtienneManneville:2002fq,
author = {Etienne-Manneville, Sandrine and Hall, Alan},
title = {{Rho GTPases in cell biology.}},
journal = {Nature},
year = {2002},
volume = {420},
number = {6916},
pages = {629--635},
month = dec
}

@article{Aman:2010fc,
author = {Aman, Andy and Piotrowski, Tatjana},
title = {{Cell migration during morphogenesis.}},
journal = {Developmental biology},
year = {2010},
volume = {341},
number = {1},
pages = {20--33},
month = may
}

@article{Uyeda:1991eu,
author = {Uyeda, T Q and Warrick, H M and Kron, S J and Spudich, J A},
title = {{Quantized velocities at low myosin densities in an in vitro motility assay.}},
journal = {Nature},
year = {1991},
volume = {352},
number = {6333},
pages = {307--311},
month = jul
}

@article{Ono:2003bg,
author = {Ono, Kanako and Parast, Mana and Alberico, Christine and Benian, Guy M and Ono, Shoichiro},
title = {{Specific requirement for two ADF/cofilin isoforms in distinct actin-dependent processes in Caenorhabditis elegans.}},
journal = {Journal of cell science},
year = {2003},
volume = {116},
number = {Pt 10},
pages = {2073--2085},
month = may
}

@article{Mayor:2016iw,
author = {Mayor, Roberto and Etienne-Manneville, Sandrine},
title = {{The front and rear of collective cell migration.}},
journal = {Nature Reviews Molecular Cell Biology},
year = {2016},
volume = {17},
number = {2},
pages = {97--109},
month = feb
}

@article{Srivastava:2016dm,
author = {Srivastava, Vasudha and Iglesias, Pablo A and Robinson, Douglas N},
title = {{Cytokinesis: Robust cell shape regulation.}},
journal = {Seminars in cell {\&} developmental biology},
year = {2016},
volume = {53},
pages = {39--44},
month = may
}

@article{DeLaCruz:2015dj,
author = {De La Cruz, Enrique M and Gardel, Margaret L},
title = {{Actin Mechanics and Fragmentation.}},
journal = {The Journal of biological chemistry},
year = {2015},
volume = {290},
number = {28},
pages = {17137--17144},
month = jul
}

@article{Kovacs:2003ex,
author = {Kov{\'a}cs, Mih{\'a}ly and Wang, Fei and Hu, Aihua and Zhang, Yue and Sellers, James R},
title = {{Functional divergence of human cytoplasmic myosin II: kinetic characterization of the non-muscle IIA isoform.}},
journal = {The Journal of biological chemistry},
year = {2003},
volume = {278},
number = {40},
pages = {38132--38140},
month = oct
}

@article{Mason:2016bs,
author = {Mason, Frank M and Xie, Shicong and Vasquez, Claudia G and Tworoger, Michael and Martin, Adam C},
title = {{RhoA GTPase inhibition organizes contraction during epithelial morphogenesis.}},
journal = {The Journal of cell biology},
year = {2016},
volume = {214},
number = {5},
pages = {603--617},
month = aug
}

@article{Ryan:2012bq,
author = {Ryan, Gillian L and Petroccia, Heather M and Watanabe, Naoki and Vavylonis, Dimitrios},
title = {{Excitable actin dynamics in lamellipodial protrusion and retraction.}},
journal = {Biophysical journal},
year = {2012},
volume = {102},
number = {7},
pages = {1493--1502},
month = apr
}

@article{Pollard:2016hj,
author = {Pollard, Thomas D},
title = {{Actin and Actin-Binding Proteins.}},
journal = {Cold Spring Harbor perspectives in biology},
year = {2016},
volume = {8},
number = {8},
pages = {a018226}
}

@article{Huxley:1996kh,
author = {Huxley, H E},
title = {{A personal view of muscle and motility mechanisms.}},
journal = {Annual review of physiology},
year = {1996},
volume = {58},
number = {1},
pages = {1--19}
}

@article{Nobes:1995ui,
author = {Nobes, C D and Hall, A},
title = {{Rho, rac, and cdc42 GTPases regulate the assembly of multimolecular focal complexes associated with actin stress fibers, lamellipodia, and filopodia.}},
journal = {Cell},
year = {1995},
volume = {81},
number = {1},
pages = {53--62},
month = apr
}

@article{Meinhardt:2012fu,
author = {Meinhardt, Hans},
title = {{Turing's theory of morphogenesis of 1952 and the subsequent discovery of the crucial role of local self-enhancement and long-range inhibition.}},
journal = {Interface focus},
year = {2012},
volume = {2},
number = {4},
pages = {407--416},
month = aug
}

@article{ElAmine:2013jk,
author = {El Amine, Nour and Kechad, Amel and Jananji, Silvana and Hickson, Gilles R X},
title = {{Opposing actions of septins and Sticky on Anillin promote the transition from contractile to midbody ring.}},
journal = {The Journal of cell biology},
year = {2013},
volume = {203},
number = {3},
pages = {487--504},
month = nov
}

@article{Olson:2012cs,
author = {Olson, Sara K and Greenan, Garrett and Desai, Arshad and M{\"u}ller-Reichert, Thomas and Oegema, Karen},
title = {{Hierarchical assembly of the eggshell and permeability barrier in C. elegans.}},
journal = {The Journal of cell biology},
year = {2012},
volume = {198},
number = {4},
pages = {731--748},
month = aug
}

@article{Riento:2003hr,
author = {Riento, Kirsi and Ridley, Anne J},
title = {{Rocks: multifunctional kinases in cell behaviour.}},
journal = {Nature Reviews Molecular Cell Biology},
year = {2003},
volume = {4},
number = {6},
pages = {446--456},
month = jun
}

@article{Solon:2009hg,
author = {Solon, J{\'e}r{\^o}me and Kaya-Copur, Aynur and Colombelli, Julien and Brunner, Damian},
title = {{Pulsed forces timed by a ratchet-like mechanism drive directed tissue movement during dorsal closure.}},
journal = {Cell},
year = {2009},
volume = {137},
number = {7},
pages = {1331--1342},
month = jun
}

@article{Timmons:2001wg,
author = {Timmons, L and Court, D L and Fire, A},
title = {{Ingestion of bacterially expressed dsRNAs can produce specific and potent genetic interference in Caenorhabditis elegans.}},
journal = {Gene},
year = {2001},
volume = {263},
number = {1-2},
pages = {103--112},
month = jan
}

@incollection{Conti:2007hc,
author = {Conti, Mary Anne and Kawamoto, Sachiyo and Adelstein, Robert S},
title = {{Non-Muscle Myosin II}},
booktitle = {Myosins},
year = {2008},
pages = {223--264},
publisher = {Springer Netherlands},
address = {Dordrecht}
}

@article{Matsumura:2005cn,
author = {Matsumura, Fumio},
title = {{Regulation of myosin II during cytokinesis in higher eukaryotes.}},
journal = {Trends in cell biology},
year = {2005},
volume = {15},
number = {7},
pages = {371--377},
month = jul
}

@article{Martin:2009du,
author = {Martin, Adam C and Kaschube, Matthias and Wieschaus, Eric F},
title = {{Pulsed contractions of an actin-myosin network drive apical constriction.}},
journal = {Nature},
year = {2009},
volume = {457},
number = {7228},
pages = {495--499},
month = jan
}

@article{Symons:1996vt,
author = {Symons, M},
title = {{Rho family GTPases: the cytoskeleton and beyond.}},
journal = {Trends in biochemical sciences},
year = {1996},
volume = {21},
number = {5},
pages = {178--181},
month = may
}

@article{Simoes:2010hw,
author = {Simoes, S{\'e}rgio de Matos and Blankenship, J Todd and Weitz, Ori and Farrell, Dene L and Tamada, Masako and Fernandez-Gonzalez, Rodrigo and Zallen, Jennifer A},
title = {{Rho-kinase directs Bazooka/Par-3 planar polarity during Drosophila axis elongation.}},
journal = {Developmental cell},
year = {2010},
volume = {19},
number = {3},
pages = {377--388},
month = sep
}

@article{Toyoshima:1990tq,
author = {Toyoshima, Y Y and Kron, S J and Spudich, J A},
title = {{The myosin step size: measurement of the unit displacement per ATP hydrolyzed in an in vitro assay.}},
journal = {Proceedings of the National Academy of Sciences of the United States of America},
year = {1990},
volume = {87},
number = {18},
pages = {7130--7134},
month = sep
}

@article{Leptin:1994tm,
author = {Leptin, M},
title = {{Morphogenesis. Control of epithelial cell shape changes.}},
journal = {Current biology : CB},
year = {1994},
volume = {4},
number = {8},
pages = {709--712},
month = aug
}

@incollection{Mooseker:2007ij,
author = {Mooseker, Mark S and Foth, Bernardo J},
title = {{The Structural And Functional Diversity Of The Myosin Family Of Actin-Based Molecular Motors}},
booktitle = {Myosins},
year = {2008},
pages = {1--34},
publisher = {Springer Netherlands},
address = {Dordrecht}
}

@article{Keller:2011dm,
author = {Keller, Ray and Shook, David},
title = {{The bending of cell sheets--from folding to rolling.}},
journal = {BMC biology},
year = {2011},
volume = {9},
number = {1},
pages = {90}
}

@article{Mohan:2015ia,
author = {Mohan, Krithika and Luo, Tianzhi and Robinson, Douglas N and Iglesias, Pablo A},
title = {{Cell shape regulation through mechanosensory feedback control.}},
journal = {Journal of the Royal Society, Interface / the Royal Society},
year = {2015},
volume = {12},
number = {109},
pages = {20150512},
month = aug
}

@article{Brenner:THT1UsNm,
author = {Brenner, S},
title = {{The Genetics of CAENORHABDITIS ELEGANS}}
}

@article{DeLaCruz:1999ug,
author = {De La Cruz, E M and Wells, A L and Rosenfeld, S S and Ostap, E M and Sweeney, H L},
title = {{The kinetic mechanism of myosin V.}},
journal = {Proceedings of the National Academy of Sciences of the United States of America},
year = {1999},
volume = {96},
number = {24},
pages = {13726--13731},
month = nov
}

@article{Ryan:2012ej,
author = {Ryan, Gillian L and Watanabe, Naoki and Vavylonis, Dimitrios},
title = {{A review of models of fluctuating protrusion and retraction patterns at the leading edge of motile cells.}},
journal = {Cytoskeleton (Hoboken, N.J.)},
year = {2012},
volume = {69},
number = {4},
pages = {195--206},
month = apr
}

@article{Rief:2000wt,
author = {Rief, M and Rock, R S and Mehta, A D and Mooseker, M S and Cheney, R E and Spudich, J A},
title = {{Myosin-V stepping kinetics: a molecular model for processivity.}},
journal = {Proceedings of the National Academy of Sciences of the United States of America},
year = {2000},
volume = {97},
number = {17},
pages = {9482--9486},
month = aug
}

@article{Martin:2014bi,
author = {Martin, Adam C and Goldstein, Bob},
title = {{Apical constriction: themes and variations on a cellular mechanism driving morphogenesis.}},
year = {2014},
volume = {141},
number = {10},
pages = {1987--1998},
month = may
}

@article{Jacinto:2002vw,
author = {Jacinto, Antonio and Woolner, Sarah and Martin, Paul},
title = {{Dynamic analysis of dorsal closure in Drosophila: from genetics to cell biology.}},
journal = {Developmental cell},
year = {2002},
volume = {3},
number = {1},
pages = {9--19},
month = jul
}

@article{Sedzinski:2011ef,
author = {Sedzinski, Jakub and Biro, Mat{\'e} and Oswald, Annelie and Tinevez, Jean-Yves and Salbreux, Guillaume and Paluch, Ewa},
title = {{Polar actomyosin contractility destabilizes the position of the cytokinetic furrow.}},
journal = {Nature},
year = {2011},
volume = {476},
number = {7361},
pages = {462--466},
month = aug
}

@article{Davidson:2012bf,
author = {Davidson, Lance A},
title = {{No strings attached: new insights into epithelial morphogenesis.}},
journal = {BMC biology},
year = {2012},
volume = {10},
number = {1},
pages = {105}
}

@article{Luo:2012bl,
author = {Luo, Tianzhi and Mohan, Krithika and Srivastava, Vasudha and Ren, Yixin and Iglesias, Pablo A and Robinson, Douglas N},
title = {{Understanding the cooperative interaction between myosin II and actin cross-linkers mediated by actin filaments during mechanosensation.}},
journal = {Biophysical journal},
year = {2012},
volume = {102},
number = {2},
pages = {238--247},
month = jan
}

@article{Kruse:2004il,
author = {Kruse, K and Joanny, J F and J{\"u}licher, F and Prost, J and Sekimoto, K},
title = {{Asters, vortices, and rotating spirals in active gels of polar filaments.}},
journal = {Physical review letters},
year = {2004},
volume = {92},
number = {7},
pages = {078101},
month = feb
}

@article{Bernstein:2010cn,
author = {Bernstein, Barbara W and Bamburg, James R},
title = {{ADF/cofilin: a functional node in cell biology.}},
journal = {Trends in cell biology},
year = {2010},
volume = {20},
number = {4},
pages = {187--195},
month = apr
}

@article{Anonymous:jMrQpmf3,
author = {Holtfreter, Johannes},
title = {{Properties and functions of the surface coat in amphibian embryos}},
journal = {Journal of Experimental Zoology},
year = {1943},
volume = {93 },
number = {2},
pages = {251--323}
}

@article{Heasman:2008dw,
author = {Heasman, Sarah J and Ridley, Anne J},
title = {{Mammalian Rho GTPases: new insights into their functions from in vivo studies.}},
journal = {Nature Reviews Molecular Cell Biology},
year = {2008},
volume = {9},
number = {9},
pages = {690--701},
month = sep
}

@article{Hotulainen:2005im,
author = {Hotulainen, Pirta and Paunola, Eija and Vartiainen, Maria K and Lappalainen, Pekka},
title = {{Actin-depolymerizing factor and cofilin-1 play overlapping roles in promoting rapid F-actin depolymerization in mammalian nonmuscle cells.}},
journal = {Molecular biology of the cell},
year = {2005},
volume = {16},
number = {2},
pages = {649--664},
month = feb
}

@article{Vetter:2001iw,
author = {Vetter, I R and Wittinghofer, A},
title = {{The guanine nucleotide-binding switch in three dimensions.}},
journal = {Science (New York, N.Y.)},
year = {2001},
volume = {294},
number = {5545},
pages = {1299--1304},
month = nov
}

@article{VicenteManzanares:2008kj,
author = {Vicente-Manzanares, Miguel and Koach, Margaret A and Whitmore, Leanna and Lamers, Marcelo L and Horwitz, Alan F},
title = {{Segregation and activation of myosin IIB creates a rear in migrating cells.}},
journal = {The Journal of cell biology},
year = {2008},
volume = {183},
number = {3},
pages = {543--554},
month = nov
}

@article{vanBeuningen:2016fb,
author = {van Beuningen, Sam Fb and Hoogenraad, Casper C},
title = {{Neuronal polarity: remodeling microtubule organization.}},
journal = {Current opinion in neurobiology},
year = {2016},
volume = {39},
pages = {1--7},
month = mar
}

@book{Izhikevich:2007aa,
author = {Izhikevich, Eugene M},
title = {{Dynamical systems in neuroscience : the geometry of excitability and bursting}},
publisher = {MIT Press},
year = {2007},
series = {Computational neuroscience},
address = {Cambridge, Mass., London}
}

@article{Brenner:1974wn,
author = {Brenner, S},
title = {{The genetics of Caenorhabditis elegans.}},
journal = {Genetics},
year = {1974},
volume = {77},
number = {1},
pages = {71--94},
month = may
}

@article{Segel:1972wb,
author = {Segel, L A and Jackson, J L},
title = {{Dissipative structure: an explanation and an ecological example.}},
journal = {Journal of theoretical biology},
year = {1972},
volume = {37},
number = {3},
pages = {545--559},
month = dec
}

@article{Riou:2013kx,
author = {Riou, Philippe and Kj{\ae}r, Svend and Garg, Ritu and Purkiss, Andrew and George, Roger and Cain, Robert J and Bineva, Ganka and Reymond, Nicolas and McColl, Brad and Thompson, Andrew J and O'Reilly, Nicola and McDonald, Neil Q and Parker, Peter J and Ridley, Anne J},
title = {{14-3-3 proteins interact with a hybrid prenyl-phosphorylation motif to inhibit G proteins.}},
journal = {Cell},
year = {2013},
volume = {153},
number = {3},
pages = {640--653},
month = apr
}

@article{Kolsch:2007hy,
author = {K{\"o}lsch, Verena and Seher, Thomas and Fernandez-Ballester, Gregorio J and Serrano, Luis and Leptin, Maria},
title = {{Control of Drosophila gastrulation by apical localization of adherens junctions and RhoGEF2.}},
journal = {Science (New York, N.Y.)},
year = {2007},
volume = {315},
number = {5810},
pages = {384--386},
month = jan
}

@article{LeClainche:2003bh,
author = {Le Clainche, Christophe and Pantaloni, Dominique and Carlier, Marie-France},
title = {{ATP hydrolysis on actin-related protein 2/3 complex causes debranching of dendritic actin arrays.}},
journal = {Proceedings of the National Academy of Sciences of the United States of America},
year = {2003},
volume = {100},
number = {11},
pages = {6337--6342},
month = may
}

@article{Montell:2008hy,
author = {Montell, Denise J},
title = {{Morphogenetic cell movements: diversity from modular mechanical properties.}},
journal = {Science (New York, N.Y.)},
year = {2008},
volume = {322},
number = {5907},
pages = {1502--1505},
month = dec
}

@article{Kicheva:2012ip,
author = {Kicheva, Anna and Cohen, Michael and Briscoe, James},
title = {{Developmental pattern formation: insights from physics and biology.}},
journal = {Science (New York, N.Y.)},
year = {2012},
volume = {338},
number = {6104},
pages = {210--212},
month = oct
}

@article{Hodge:2016cz,
author = {Hodge, Richard G and Ridley, Anne J},
title = {{Regulating Rho GTPases and their regulators.}},
journal = {Nature Reviews Molecular Cell Biology},
year = {2016},
volume = {17},
number = {8},
pages = {496--510},
month = aug
}

@article{Tse:2012fp,
author = {Tse, Yu Chung and Werner, Michael and Longhini, Katrina M and Labbe, Jean-Claude and Goldstein, Bob and Glotzer, Michael},
title = {{RhoA activation during polarization and cytokinesis of the early Caenorhabditis elegans embryo is differentially dependent on NOP-1 and CYK-4.}},
journal = {Molecular biology of the cell},
year = {2012},
volume = {23},
number = {20},
pages = {4020--4031},
month = oct
}

@article{Basant:2015jw,
author = {Basant, Angika and Lekomtsev, Sergey and Tse, Yu Chung and Zhang, Donglei and Longhini, Katrina M and Petronczki, Mark and Glotzer, Michael},
title = {{Aurora B kinase promotes cytokinesis by inducing centralspindlin oligomers that associate with the plasma membrane.}},
journal = {Developmental cell},
year = {2015},
volume = {33},
number = {2},
pages = {204--215},
month = apr
}

@article{Goldstein:2005kk,
author = {Goldstein, Allan L and Hannappel, Ewald and Kleinman, Hynda K},
title = {{Thymosin beta4: actin-sequestering protein moonlights to repair injured tissues.}},
journal = {Trends in molecular medicine},
year = {2005},
volume = {11},
number = {9},
pages = {421--429},
month = sep
}

@article{Schafer:1996vi,
author = {Schafer, D A and Jennings, P B and Cooper, J A},
title = {{Dynamics of capping protein and actin assembly in vitro: uncapping barbed ends by polyphosphoinositides.}},
journal = {The Journal of cell biology},
year = {1996},
volume = {135},
number = {1},
pages = {169--179},
month = oct
}

@article{Zhang:2010fb,
author = {Zhang, Li and Maddox, Amy Shaub},
title = {{Anillin.}},
journal = {Current biology : CB},
year = {2010},
volume = {20},
number = {4},
pages = {R135--6},
month = feb
}

@article{Mercker:2016eb,
author = {Mercker, Moritz and Brinkmann, Felix and Marciniak-Czochra, Anna and Richter, Thomas},
title = {{Beyond Turing: mechanochemical pattern formation in biological tissues.}},
journal = {Biology direct},
year = {2016},
volume = {11},
number = {1},
pages = {22}
}

@article{Schliwa:2003jn,
author = {Schliwa, Manfred and Woehlke, G{\"u}nther},
title = {{Molecular motors.}},
journal = {Nature},
year = {2003},
volume = {422},
number = {6933},
pages = {759--765},
month = apr
}

@article{Meinhardt:2000ht,
author = {Meinhardt, H and Gierer, A},
title = {{Pattern formation by local self-activation and lateral inhibition.}},
journal = {BioEssays : news and reviews in molecular, cellular and developmental biology},
year = {2000},
volume = {22},
number = {8},
pages = {753--760},
month = aug
}

@article{Charras:2006io,
author = {Charras, Guillaume T and Hu, Chi-Kuo and Coughlin, Margaret and Mitchison, Timothy J},
title = {{Reassembly of contractile actin cortex in cell blebs.}},
journal = {The Journal of cell biology},
year = {2006},
volume = {175},
number = {3},
pages = {477--490},
month = nov
}

@article{Severson:2002ve,
author = {Severson, Aaron F and Baillie, David L and Bowerman, Bruce},
title = {{A Formin Homology protein and a profilin are required for cytokinesis and Arp2/3-independent assembly of cortical microfilaments in C. elegans.}},
journal = {Current biology : CB},
year = {2002},
volume = {12},
number = {24},
pages = {2066--2075},
month = dec
}

@article{Craig:1983tq,
author = {Craig, R and Smith, R and Kendrick-Jones, J},
title = {{Light-chain phosphorylation controls the conformation of vertebrate non-muscle and smooth muscle myosin molecules.}},
journal = {Nature},
year = {1983},
volume = {302},
number = {5907},
pages = {436--439},
month = apr
}

@article{Lecuit:2008gb,
author = {Lecuit, Thomas},
title = {{"Developmental mechanics": cellular patterns controlled by adhesion, cortical tension and cell division.}},
journal = {HFSP journal},
year = {2008},
volume = {2},
number = {2},
pages = {72--78},
month = apr
}

@article{FernandezGonzalez:2011el,
author = {Fernandez-Gonzalez, Rodrigo and Zallen, Jennifer A},
title = {{Oscillatory behaviors and hierarchical assembly of contractile structures in intercalating cells.}},
journal = {Physical biology},
year = {2011},
volume = {8},
number = {4},
pages = {045005},
month = aug
}

@article{Winkelmann:1995vy,
author = {Winkelmann, D A and Bourdieu, L and Kinose, F and Libchaber, A},
title = {{Motility assays using myosin attached to surfaces through specific binding to monoclonal antibodies.}},
journal = {Biophysical journal},
year = {1995},
volume = {68},
number = {4 Suppl},
pages = {72S},
month = apr
}

@article{Wang:2003dq,
author = {Wang, Fei and Kov{\'a}cs, Mih{\'a}ly and Hu, Aihua and Limouze, John and Harvey, Estelle V and Sellers, James R},
title = {{Kinetic mechanism of non-muscle myosin IIB: functional adaptations for tension generation and maintenance.}},
journal = {The Journal of biological chemistry},
year = {2003},
volume = {278},
number = {30},
pages = {27439--27448},
month = jul
}

@article{Tokunaga:2008kc,
author = {Tokunaga, Makio and Imamoto, Naoko and Sakata-Sogawa, Kumiko},
title = {{Highly inclined thin illumination enables clear single-molecule imaging in cells}},
year = {2008},
volume = {5},
number = {2},
pages = {159--161},
month = jan,
annote = {10.1038/nmeth1171 10.1038/nmeth1171}
}

@article{Cherfils:2013ks,
author = {Cherfils, Jacqueline and Zeghouf, Mahel},
title = {{Regulation of small GTPases by GEFs, GAPs, and GDIs.}},
journal = {Physiological reviews},
year = {2013},
volume = {93},
number = {1},
pages = {269--309},
month = jan
}

@article{Nance:2003gp,
author = {Nance, J},
title = {{C. elegans PAR-3 and PAR-6 are required for apicobasal asymmetries associated with cell adhesion and gastrulation}},
journal = {Development (Cambridge, England)},
year = {2003},
volume = {130},
number = {22},
pages = {5339--5350},
month = nov
}

@article{Werner:2007bx,
author = {Werner, Michael and Munro, Ed and Glotzer, Michael},
title = {{Astral signals spatially bias cortical myosin recruitment to break symmetry and promote cytokinesis.}},
journal = {Current biology : CB},
year = {2007},
volume = {17},
number = {15},
pages = {1286--1297},
month = aug
}

@article{Crocker:1996wp,
author = {Timmons, Lisa and Court, Donald L and Fire, Andrew},
title = {{Ingestion of bacterially expressed dsRNAs can produce specific and potent genetic interference in Caenorhabditis elegans}},
journal = {Gene},
year = {2001},
volume = {263},
number = {1-2},
pages = {103--112},
month = jan
}

@article{Rock:2000kl,
author = {Rock, R S and Rief, M and Mehta, A D and Spudich, J A},
title = {{In vitro assays of processive myosin motors.}},
journal = {Methods (San Diego, Calif.)},
year = {2000},
volume = {22},
number = {4},
pages = {373--381},
month = dec
}

@article{Hamill:2002tw,
author = {Hamill, Danielle R and Severson, Aaron F and Carter, J Clayton and Bowerman, Bruce},
title = {{Centrosome maturation and mitotic spindle assembly in C. elegans require SPD-5, a protein with multiple coiled-coil domains.}},
journal = {Developmental cell},
year = {2002},
volume = {3},
number = {5},
pages = {673--684},
month = nov
}

@article{Booth:2014ia,
author = {Booth, Alexander J R and Blanchard, Guy B and Adams, Richard J and R{\"o}per, Katja},
title = {{A dynamic microtubule cytoskeleton directs medial actomyosin function during tube formation.}},
journal = {Developmental cell},
year = {2014},
volume = {29},
number = {5},
pages = {562--576},
month = jun
}

@article{Kechad:2012if,
author = {Kechad, Amel and Jananji, Silvana and Ruella, Yvonne and Hickson, Gilles R X},
title = {{Anillin acts as a bifunctional linker coordinating midbody ring biogenesis during cytokinesis.}},
journal = {Current biology : CB},
year = {2012},
volume = {22},
number = {3},
pages = {197--203},
month = feb
}

@article{Bement:2015jp,
author = {Bement, William M and Leda, Marcin and Moe, Alison M and Kita, Angela M and Larson, Matthew E and Golding, Adriana E and Pfeuti, Courtney and Su, Kuan-Chung and Miller, Ann L and Goryachev, Andrew B and von Dassow, George},
title = {{Activator-inhibitor coupling between Rho signalling and actin assembly makes the cell cortex an excitable medium.}},
journal = {Nature cell biology},
year = {2015},
volume = {17},
number = {11},
pages = {1471--1483},
month = nov
}

@article{Piekny:2003iv,
author = {Piekny, Alisa J and Johnson, Jacque-Lynne F and Cham, Gwendolyn D and Mains, Paul E},
title = {{The Caenorhabditis elegans nonmuscle myosin genes nmy-1 and nmy-2 function as redundant components of the let-502/Rho-binding kinase and mel-11/myosin phosphatase pathway during embryonic morphogenesis.}},
year = {2003},
volume = {130},
number = {23},
pages = {5695--5704},
month = dec
}

@article{HOLTFRETER:1954vv,
author = {HOLTFRETER, J},
title = {{Observations on the physico-chemical properties of isolated nuclei.}},
journal = {Experimental cell research},
year = {1954},
volume = {7},
number = {1},
pages = {95--102},
month = aug
}

@article{Vasquez:2016dy,
author = {Vasquez, Claudia G and Martin, Adam C},
title = {{Force transmission in epithelial tissues.}},
journal = {Developmental dynamics : an official publication of the American Association of Anatomists},
year = {2016},
volume = {245},
number = {3},
pages = {361--371},
month = mar
}

@article{Guillot:2013hu,
author = {Guillot, Charl{\`e}ne and Lecuit, Thomas},
title = {{Mechanics of epithelial tissue homeostasis and morphogenesis.}},
journal = {Science (New York, N.Y.)},
year = {2013},
volume = {340},
number = {6137},
pages = {1185--1189},
month = jun
}

@article{HOLTFRETER:1951wu,
author = {HOLTFRETER, J},
title = {{Some aspects of embryonic induction.}},
journal = {Growth},
year = {1951},
number = {Suppl 10},
pages = {117--152}
}

@article{Cheney:1993jy,
author = {Cheney, R E and Riley, M A and Mooseker, M S},
title = {{Phylogenetic analysis of the myosin superfamily.}},
journal = {Cell Motility and the Cytoskeleton},
year = {1993},
volume = {24},
number = {4},
pages = {215--223}
}

@article{Simmons:1996vj,
author = {Simmons, R},
title = {{Molecular motors: single-molecule mechanics.}},
journal = {Current biology : CB},
year = {1996},
volume = {6},
number = {4},
pages = {392--394},
month = apr
}

@article{Piekny:2002vx,
author = {Piekny, Alisa J and Mains, Paul E},
title = {{Rho-binding kinase (LET-502) and myosin phosphatase (MEL-11) regulate cytokinesis in the early Caenorhabditis elegans embryo.}},
journal = {Journal of cell science},
year = {2002},
volume = {115},
number = {Pt 11},
pages = {2271--2282},
month = jun
}

@article{Purnick:2009gt,
author = {Purnick, Priscilla E M and Weiss, Ron},
title = {{The second wave of synthetic biology: from modules to systems.}},
journal = {Nature Reviews Molecular Cell Biology},
year = {2009},
volume = {10},
number = {6},
pages = {410--422},
month = jun
}

@article{Berridge:2000jn,
author = {Berridge, M J and Lipp, P and Bootman, M D},
title = {{The versatility and universality of calcium signalling.}},
journal = {Nature Reviews Molecular Cell Biology},
year = {2000},
volume = {1},
number = {1},
pages = {11--21},
month = oct
}

@article{Irvine:1994ug,
author = {Irvine, K D and Wieschaus, E},
title = {{Cell intercalation during Drosophila germband extension and its regulation by pair-rule segmentation genes.}},
journal = {Development (Cambridge, England)},
year = {1994},
volume = {120},
number = {4},
pages = {827--841},
month = apr
}

@article{Chardin:2003ut,
author = {Chardin, Pierre},
title = {{GTPase regulation: getting aRnd Rock and Rho inhibition.}},
journal = {Current biology : CB},
year = {2003},
volume = {13},
number = {18},
pages = {R702--4},
month = sep
}

@article{WalckShannon:2014go,
author = {Walck-Shannon, Elise and Hardin, Jeff},
title = {{Cell intercalation from top to bottom.}},
journal = {Nature Reviews Molecular Cell Biology},
year = {2014},
volume = {15},
number = {1},
pages = {34--48},
month = jan
}

@article{Xie:2015cj,
author = {Xie, Shicong and Martin, Adam C},
title = {{Intracellular signalling and intercellular coupling coordinate heterogeneous contractile events to facilitate tissue folding}},
journal = {Nature communications},
year = {2015},
volume = {6},
pages = {7161},
month = may
}

@article{RohJohnson:2012cf,
author = {Roh-Johnson, Minna and Shemer, Gidi and Higgins, Christopher D and McClellan, Joseph H and Werts, Adam D and Tulu, U Serdar and Gao, Liang and Betzig, Eric and Kiehart, Daniel P and Goldstein, Bob},
title = {{Triggering a cell shape change by exploiting preexisting actomyosin contractions.}},
journal = {Science (New York, N.Y.)},
year = {2012},
volume = {335},
number = {6073},
pages = {1232--1235},
month = mar
}

@article{Rauzi:2015kf,
author = {Rauzi, Matteo and Krzic, Uros and Saunders, Timothy E and Krajnc, Matej and Ziherl, Primo{\v z} and Hufnagel, Lars and Leptin, Maria},
title = {{Embryo-scale tissue mechanics during Drosophila gastrulation movements}},
journal = {Nature communications},
year = {2015},
volume = {6},
pages = {8677},
month = oct
}

@article{Piekny:2005dw,
author = {Piekny, Alisa and Werner, Michael and Glotzer, Michael},
title = {{Cytokinesis: welcome to the Rho zone.}},
journal = {Trends in cell biology},
year = {2005},
volume = {15},
number = {12},
pages = {651--658},
month = dec
}

@article{He:2010gf,
author = {He, Li and Wang, Xiaobo and Tang, Ho Lam and Montell, Denise J},
title = {{Tissue elongation requires oscillating contractions of a basal actomyosin network.}},
journal = {Nature cell biology},
year = {2010},
volume = {12},
number = {12},
pages = {1133--1142},
month = dec
}

@article{Diogon:2007kc,
author = {Diogon, M and Wissler, F and Quintin, S and Nagamatsu, Y and Sookhareea, S and Landmann, F and Hutter, H and Vitale, N and Labouesse, M},
title = {{The RhoGAP RGA-2 and LET-502/ROCK achieve a balance of actomyosin-dependent forces in C. elegans epidermis to control morphogenesis.}},
year = {2007},
volume = {134},
number = {13},
pages = {2469--2479},
month = jul
}

@article{Luo:2013db,
author = {Luo, Tianzhi and Mohan, Krithika and Iglesias, Pablo A and Robinson, Douglas N},
title = {{Molecular mechanisms of cellular mechanosensing.}},
journal = {Nature materials},
year = {2013},
volume = {12},
number = {11},
pages = {1064--1071},
month = nov
}

@article{Dierkes:2014tm,
author = {Dierkes, Kai and Sumi, Angughali and Solon, J{\'e}r{\^o}me and Salbreux, Guillaume},
title = {{Spontaneous oscillations of elastic contractile materials with turnover.}},
journal = {Physical review letters},
year = {2014},
volume = {113},
number = {14},
pages = {148102},
month = oct
}

@article{Tseng:1982uc,
author = {Tseng, P C and Pollard, T D},
title = {{Mechanism of action of Acanthamoeba profilin: demonstration of actin species specificity and regulation by micromolar concentrations of MgCl2.}},
journal = {The Journal of cell biology},
year = {1982},
volume = {94},
number = {1},
pages = {213--218},
month = jul
}

@article{Takenawa:2007km,
author = {Takenawa, Tadaomi and Suetsugu, Shiro},
title = {{The WASP-WAVE protein network: connecting the membrane to the cytoskeleton.}},
journal = {Nature Reviews Molecular Cell Biology},
year = {2007},
volume = {8},
number = {1},
pages = {37--48},
month = jan
}

@article{GarciaMata:2011hb,
author = {Garcia-Mata, Rafael and Boulter, Etienne and Burridge, Keith},
title = {{The 'invisible hand': regulation of RHO GTPases by RHOGDIs.}},
journal = {Nature Reviews Molecular Cell Biology},
year = {2011},
volume = {12},
number = {8},
pages = {493--504},
month = jul
}

@article{David:2013jn,
author = {David, Daryl J V and Wang, Qiming and Feng, James J and Harris, Tony J C},
title = {{Bazooka inhibits aPKC to limit antagonism of actomyosin networks during amnioserosa apical constriction.}},
year = {2013},
volume = {140},
number = {23},
pages = {4719--4729},
month = dec
}

@article{Tse:2011gd,
author = {Tse, Yu Chung and Piekny, Alisa and Glotzer, Michael},
title = {{Anillin promotes astral microtubule-directed cortical myosin polarization.}},
journal = {Molecular biology of the cell},
year = {2011},
volume = {22},
number = {17},
pages = {3165--3175},
month = sep
}

@article{Lacy:2016kr,
author = {Lacy, Monica E and Hutson, M Shane},
title = {{Amnioserosa development and function in Drosophila embryogenesis: Critical mechanical roles for an extraembryonic tissue.}},
journal = {Developmental dynamics : an official publication of the American Association of Anatomists},
year = {2016},
volume = {245},
number = {5},
pages = {558--568},
month = may
}

@article{Robin:2014jf,
author = {Robin, Fran{\c c}ois B and McFadden, William M and Yao, Baixue and Munro, Edwin M},
title = {{Single-molecule analysis of cell surface dynamics in Caenorhabditis elegans embryos.}},
year = {2014},
volume = {11},
number = {6},
pages = {677--682},
month = jun
}

@article{Bustelo:2007dy,
author = {Bustelo, Xos{\'e} R and Sauzeau, Vincent and Berenjeno, Inmaculada M},
title = {{GTP-binding proteins of the Rho/Rac family: regulation, effectors and functions in vivo.}},
journal = {BioEssays : news and reviews in molecular, cellular and developmental biology},
year = {2007},
volume = {29},
number = {4},
pages = {356--370},
month = apr
}

@article{Clague:2012gb,
author = {Clague, Michael J and Liu, Han and Urb{\'e}, Sylvie},
title = {{Governance of endocytic trafficking and signaling by reversible ubiquitylation.}},
journal = {Developmental cell},
year = {2012},
volume = {23},
number = {3},
pages = {457--467},
month = sep
}

@article{Bos:2007cu,
author = {Bos, Johannes L and Rehmann, Holger and Wittinghofer, Alfred},
title = {{GEFs and GAPs: critical elements in the control of small G proteins.}},
journal = {Cell},
year = {2007},
volume = {129},
number = {5},
pages = {865--877},
month = jun
}

@article{Uyeda:1990ig,
author = {Uyeda, T Q and Kron, S J and Spudich, J A},
title = {{Myosin step size. Estimation from slow sliding movement of actin over low densities of heavy meromyosin.}},
journal = {Journal of molecular biology},
year = {1990},
volume = {214},
number = {3},
pages = {699--710},
month = aug
}

@article{Niederman:1975uu,
author = {Niederman, R and Pollard, T D},
title = {{Human platelet myosin. II. In vitro assembly and structure of myosin filaments.}},
journal = {The Journal of cell biology},
year = {1975},
volume = {67},
number = {1},
pages = {72--92},
month = oct
}

@article{VicenteManzanares:2010gh,
author = {Vicente-Manzanares, Miguel and Horwitz, Alan Rick},
title = {{Myosin light chain mono- and di-phosphorylation differentially regulate adhesion and polarity in migrating cells.}},
journal = {Biochemical and biophysical research communications},
year = {2010},
volume = {402},
number = {3},
pages = {537--542},
month = nov
}

@article{Pantaloni:1993vf,
author = {Pantaloni, D and Carlier, M F},
title = {{How profilin promotes actin filament assembly in the presence of thymosin beta 4.}},
journal = {Cell},
year = {1993},
volume = {75},
number = {5},
pages = {1007--1014},
month = dec
}

@article{Vallotton:2004kz,
author = {Vallotton, Pascal and Gupton, Stephanie L and Waterman-Storer, Clare M and Danuser, Gaudenz},
title = {{Simultaneous mapping of filamentous actin flow and turnover in migrating cells by quantitative fluorescent speckle microscopy.}},
journal = {Proceedings of the National Academy of Sciences of the United States of America},
year = {2004},
volume = {101},
number = {26},
pages = {9660--9665},
month = jun
}

@article{Morgan:1898dy,
author = {Morgan, T H},
title = {{Developmental Mechanics.}},
journal = {Science (New York, N.Y.)},
year = {1898},
volume = {7},
number = {162},
pages = {156--158},
month = feb
}

@article{Rankin:2010je,
author = {Rankin, Kathleen E and Wordeman, Linda},
title = {{Long astral microtubules uncouple mitotic spindles from the cytokinetic furrow}},
journal = {The Journal of cell biology},
year = {2010},
volume = {190},
number = {1},
pages = {35--43},
month = jul
}

@article{Jorgensen:2002ej,
author = {Jorgensen, Erik M and Mango, Susan E},
title = {{The art and design of genetic screens: caenorhabditis elegans.}},
journal = {Nature reviews. Genetics},
year = {2002},
volume = {3},
number = {5},
pages = {356--369},
month = may
}

@article{Levayer:2012bu,
author = {Levayer, Romain and Lecuit, Thomas},
title = {{Biomechanical regulation of contractility: spatial control and dynamics.}},
journal = {Trends in cell biology},
year = {2012},
volume = {22},
number = {2},
pages = {61--81},
month = feb
}

@article{Bertet:2004ch,
author = {Bertet, Claire and Sulak, Lawrence and Lecuit, Thomas},
title = {{Myosin-dependent junction remodelling controls planar cell intercalation and axis elongation.}},
journal = {Nature},
year = {2004},
volume = {429},
number = {6992},
pages = {667--671},
month = jun
}

@article{Egile:2005bm,
author = {Egile, Coumaran and Rouiller, Isabelle and Xu, Xiao-Ping and Volkmann, Niels and Li, Rong and Hanein, Dorit},
title = {{Mechanism of filament nucleation and branch stability revealed by the structure of the Arp2/3 complex at actin branch junctions.}},
journal = {PLoS biology},
year = {2005},
volume = {3},
number = {11},
pages = {e383},
month = nov
}

@article{Nishimura:2006ew,
author = {Nishimura, Yukako and Yonemura, Shigenobu},
title = {{Centralspindlin regulates ECT2 and RhoA accumulation at the equatorial cortex during cytokinesis.}},
journal = {Journal of cell science},
year = {2006},
volume = {119},
number = {Pt 1},
pages = {104--114},
month = jan
}

@article{Ridley:2015ic,
author = {Ridley, Anne J},
title = {{Rho GTPase signalling in cell migration.}},
journal = {Current opinion in cell biology},
year = {2015},
volume = {36},
pages = {103--112},
month = oct
}

@article{Spiga:2013br,
author = {Spiga, Fabio M and Prouteau, Manoel and Gotta, Monica},
title = {{The TAO kinase KIN-18 regulates contractility and establishment of polarity in the C. elegans embryo.}},
journal = {Developmental biology},
year = {2013},
volume = {373},
number = {1},
pages = {26--38},
month = jan
}

@article{Sellers:2000ub,
author = {Sellers, J R},
title = {{Myosins: a diverse superfamily.}},
journal = {Biochimica et biophysica acta},
year = {2000},
volume = {1496},
number = {1},
pages = {3--22},
month = mar
}

@article{Cai:2006ea,
author = {Cai, Yunfei and Biais, Nicolas and Giannone, Gregory and Tanase, Monica and Jiang, Guoying and Hofman, Jake M and Wiggins, Chris H and Silberzan, Pascal and Buguin, Axel and Ladoux, Benoit and Sheetz, Michael P},
title = {{Nonmuscle myosin IIA-dependent force inhibits cell spreading and drives F-actin flow.}},
journal = {Biophysical journal},
year = {2006},
volume = {91},
number = {10},
pages = {3907--3920},
month = nov
}

@article{HOLTFRETER:1947vc,
author = {HOLTFRETER, J},
title = {{Changes of structure and the kinetics of differentiating embryonic cells.}},
year = {1947},
volume = {80},
number = {1},
pages = {57--91},
month = jan
}

@article{Lecuit:2015hd,
author = {Lecuit, Thomas and Yap, Alpha S},
title = {{E-cadherin junctions as active mechanical integrators in tissue dynamics.}},
journal = {Nature cell biology},
year = {2015},
volume = {17},
number = {5},
pages = {533--539},
month = may
}

@article{Howard:2011da,
author = {Howard, Jonathon and Grill, Stephan W and Bois, Justin S},
title = {{Turing's next steps: the mechanochemical basis of morphogenesis.}},
journal = {Nature reviews. Molecular cell biology},
year = {2011},
volume = {12},
number = {6},
pages = {392--398},
month = jun
}

@article{Pohl:2012bg,
author = {Pohl, Christian and Tiongson, Michael and Moore, Julia L and Santella, Anthony and Bao, Zhirong},
title = {{Actomyosin-based self-organization of cell internalization during C. elegans gastrulation.}},
journal = {BMC biology},
year = {2012},
volume = {10},
number = {1},
pages = {94}
}

@article{Buchsbaum:2007by,
author = {Buchsbaum, Rachel J},
title = {{Rho activation at a glance.}},
journal = {Journal of cell science},
year = {2007},
volume = {120},
number = {Pt 7},
pages = {1149--1152},
month = apr
}

@article{Schiffhauer:2016iy,
author = {Schiffhauer, Eric S and Luo, Tianzhi and Mohan, Krithika and Srivastava, Vasudha and Qian, Xuyu and Griffis, Eric R and Iglesias, Pablo A and Robinson, Douglas N},
title = {{Mechanoaccumulative Elements of the Mammalian Actin Cytoskeleton.}},
journal = {Current biology : CB},
year = {2016},
volume = {26},
number = {11},
pages = {1473--1479},
month = jun
}

@article{Chesarone:2010iw,
author = {Chesarone, Melissa A and DuPage, Amy Grace and Goode, Bruce L},
title = {{Unleashing formins to remodel the actin and microtubule cytoskeletons.}},
journal = {Nature Reviews Molecular Cell Biology},
year = {2010},
volume = {11},
number = {1},
pages = {62--74},
month = jan
}

@article{Charras:2008gf,
author = {Charras, Guillaume and Paluch, Ewa},
title = {{Blebs lead the way: how to migrate without lamellipodia.}},
journal = {Nature Reviews Molecular Cell Biology},
year = {2008},
volume = {9},
number = {9},
pages = {730--736},
month = sep
}

@article{Meng:2009dv,
author = {Meng, Wenxiang and Takeichi, Masatoshi},
title = {{Adherens junction: molecular architecture and regulation.}},
journal = {Cold Spring Harbor perspectives in biology},
year = {2009},
volume = {1},
number = {6},
pages = {a002899--a002899},
month = dec
}

@article{HOLTFRETER:1947uq,
author = {HOLTFRETER, J},
title = {{Observations on the migration, aggregation and phagocytosis of embryonic cells.}},
journal = {Journal of morphology},
year = {1947},
volume = {80},
number = {1},
pages = {25--55},
month = jan
}

@article{Roussos:2011kx,
author = {Roussos, Evanthia T and Condeelis, John S and Patsialou, Antonia},
title = {{Chemotaxis in cancer.}},
journal = {Nature reviews. Cancer},
year = {2011},
volume = {11},
number = {8},
pages = {573--587},
month = jul
}

@article{Zanin:2013el,
author = {Zanin, Esther and Desai, Arshad and Poser, Ina and Toyoda, Yusuke and Andree, Cordula and Moebius, Claudia and Bickle, Marc and Conradt, Barbara and Piekny, Alisa and Oegema, Karen},
title = {{A conserved RhoGAP limits M phase contractility and coordinates with microtubule asters to confine RhoA during cytokinesis.}},
journal = {Developmental cell},
year = {2013},
volume = {26},
number = {5},
pages = {496--510},
month = sep
}

@article{Higashida:2013ee,
author = {Higashida, Chiharu and Kiuchi, Tai and Akiba, Yushi and Mizuno, Hiroaki and Maruoka, Masahiro and Narumiya, Shuh and Mizuno, Kensaku and Watanabe, Naoki},
title = {{F- and G-actin homeostasis regulates mechanosensitive actin nucleation by formins.}},
journal = {Nature cell biology},
year = {2013},
volume = {15},
number = {4},
pages = {395--405},
month = apr
}

@article{Koride:2014hp,
author = {Koride, Sarita and He, Li and Xiong, Li-Ping and Lan, Ganhui and Montell, Denise J and Sun, Sean X},
title = {{Mechanochemical regulation of oscillatory follicle cell dynamics in the developing Drosophila egg chamber.}},
journal = {Molecular biology of the cell},
year = {2014},
volume = {25},
number = {22},
pages = {3709--3716},
month = nov
}

@article{Mattila:2008ix,
author = {Mattila, Pieta K and Lappalainen, Pekka},
title = {{Filopodia: molecular architecture and cellular functions.}},
journal = {Nature Reviews Molecular Cell Biology},
year = {2008},
volume = {9},
number = {6},
pages = {446--454},
month = jun
}

@article{Schwartz:2004co,
author = {Schwartz, Martin},
title = {{Rho signalling at a glance.}},
journal = {Journal of cell science},
year = {2004},
volume = {117},
number = {Pt 23},
pages = {5457--5458},
month = nov
}

@article{Butschli:1876uz,
author = {B{\"u}tschli, O},
title = {{Studien {\"u}ber die erste Entwicklungsvorgange der Eizelle, der Zelltheilung und die Conjugation der Infusorien}},
journal = {Naturf. Gesellsch},
year = {1876},
volume = {245},
number = {5},
pages = {558--568}
}

@article{Mason:2013ee,
author = {Mason, Frank M and Tworoger, Michael and Martin, Adam C},
title = {{Apical domain polarization localizes actin-myosin activity to drive ratchet-like apical constriction.}},
journal = {Nature cell biology},
year = {2013},
volume = {15},
number = {8},
pages = {926--936},
month = aug
}

@article{Wagner:2016ev,
author = {Wagner, Elizabeth and Glotzer, Michael},
title = {{Local RhoA activation induces cytokinetic furrows independent of spindle position and cell cycle stage.}},
journal = {The Journal of cell biology},
year = {2016},
volume = {213},
number = {6},
pages = {641--649},
month = jun
}

@article{Chardin:2006hn,
author = {Chardin, Pierre},
title = {{Function and regulation of Rnd proteins.}},
journal = {Nature Reviews Molecular Cell Biology},
year = {2006},
volume = {7},
number = {1},
pages = {54--62},
month = jan
}

@article{Maddox:2005gd,
author = {Maddox, A S},
title = {{Distinct roles for two C. elegans anillins in the gonad and early embryo}},
year = {2005},
volume = {132},
number = {12},
pages = {2837--2848},
month = jun
}

@article{Machado:2015jd,
author = {Machado, Pedro F and Duque, Julia and {\'E}tienne, Jocelyn and Martinez-Arias, Alfonso and Blanchard, Guy B and Gorfinkiel, Nicole},
title = {{Emergent material properties of developing epithelial tissues.}},
journal = {BMC biology},
year = {2015},
volume = {13},
number = {1},
pages = {98}
}

@article{Bridges:2015ea,
author = {Bridges, Andrew A and Gladfelter, Amy S},
title = {{Septin Form and Function at the Cell Cortex.}},
journal = {The Journal of biological chemistry},
year = {2015},
volume = {290},
number = {28},
pages = {17173--17180},
month = jul
}

@article{Shook:2003vk,
author = {Shook, David and Keller, Ray},
title = {{Mechanisms, mechanics and function of epithelial-mesenchymal transitions in early development.}},
journal = {Mechanisms of development},
year = {2003},
volume = {120},
number = {11},
pages = {1351--1383},
month = nov
}

@article{Watanabe:2002jb,
author = {Watanabe, Naoki and Mitchison, Timothy J},
title = {{Single-molecule speckle analysis of actin filament turnover in lamellipodia.}},
journal = {Science (New York, N.Y.)},
year = {2002},
volume = {295},
number = {5557},
pages = {1083--1086},
month = feb
}

@article{Butler:2009fb,
author = {Butler, Lucy C and Blanchard, Guy B and Kabla, Alexandre J and Lawrence, Nicola J and Welchman, David P and Mahadevan, L and Adams, Richard J and Sanson, Benedicte},
title = {{Cell shape changes indicate a role for extrinsic tensile forces in Drosophila germ-band extension.}},
journal = {Nature cell biology},
year = {2009},
volume = {11},
number = {7},
pages = {859--864},
month = jul
}

@article{FernandezGonzalez:2009hp,
author = {Fernandez-Gonzalez, Rodrigo and Simoes, S{\'e}rgio de Matos and R{\"o}per, Jens-Christian and Eaton, Suzanne and Zallen, Jennifer A},
title = {{Myosin II dynamics are regulated by tension in intercalating cells.}},
journal = {Developmental cell},
year = {2009},
volume = {17},
number = {5},
pages = {736--743},
month = nov
}

@article{Keller:2012ge,
author = {Keller, Ray},
title = {{Developmental biology. Physical biology returns to morphogenesis.}},
year = {2012},
volume = {338},
number = {6104},
pages = {201--203},
month = oct
}

@article{Romero:2004ji,
author = {Romero, St{\'e}phane and Le Clainche, Christophe and Didry, Dominique and Egile, Coumaran and Pantaloni, Dominique and Carlier, Marie-France},
title = {{Formin is a processive motor that requires profilin to accelerate actin assembly and associated ATP hydrolysis.}},
journal = {Cell},
year = {2004},
volume = {119},
number = {3},
pages = {419--429},
month = oct
}

@article{Krendel:2005ko,
author = {Krendel, Mira and Mooseker, Mark S},
title = {{Myosins: tails (and heads) of functional diversity.}},
journal = {Physiology (Bethesda, Md.)},
year = {2005},
volume = {20},
number = {4},
pages = {239--251},
month = aug
}

@article{Campellone:2010gd,
author = {Campellone, Kenneth G and Welch, Matthew D},
title = {{A nucleator arms race: cellular control of actin assembly.}},
journal = {Nature Reviews Molecular Cell Biology},
year = {2010},
volume = {11},
number = {4},
pages = {237--251},
month = apr
}

@article{Pelletier:2009tp,
author = {Pelletier, Vincent and Gal, Naama and Fournier, Paul and Kilfoil, Maria L},
title = {{Microrheology of Microtubule Solutions and Actin-Microtubule Composite Networks}},
year = {2009},
volume = {102},
number = {18},
pages = {188303 EP--},
month = may
}

@article{Luo:1991vz,
author = {Luo, C H and Rudy, Y},
title = {{A model of the ventricular cardiac action potential. Depolarization, repolarization, and their interaction.}},
journal = {Circulation research},
year = {1991},
volume = {68},
number = {6},
pages = {1501--1526},
month = jun
}

@article{Mammoto:2010bt,
author = {Mammoto, Tadanori and Ingber, Donald E},
title = {{Mechanical control of tissue and organ development.}},
journal = {Development (Cambridge, England)},
year = {2010},
volume = {137},
number = {9},
pages = {1407--1420},
month = may
}

@article{Odronitz:2007hn,
author = {Odronitz, Florian and Kollmar, Martin},
title = {{Drawing the tree of eukaryotic life based on the analysis of 2,269 manually annotated myosins from 328 species.}},
journal = {Genome biology},
year = {2007},
volume = {8},
number = {9},
pages = {R196}
}

@article{Kron:1991wv,
author = {Kron, S J and Toyoshima, Y Y and Uyeda, T Q and Spudich, J A},
title = {{Assays for actin sliding movement over myosin-coated surfaces.}},
journal = {Methods in enzymology},
year = {1991},
volume = {196},
pages = {399--416}
}

@article{Koch:1994un,
author = {Koch, A J and Meinhardt, H},
title = {{Biological pattern formation: from basic mechanisms to complex structures}},
journal = {Reviews of Modern Physics},
year = {1994},
volume = {66},
number = {4},
pages = {1481--1507},
month = oct
}

@article{Andrianantoandro:2006hk,
author = {Andrianantoandro, Ernesto and Pollard, Thomas D},
title = {{Mechanism of actin filament turnover by severing and nucleation at different concentrations of ADF/cofilin.}},
journal = {Molecular cell},
year = {2006},
volume = {24},
number = {1},
pages = {13--23},
month = oct
}

@article{Sahai:2002el,
author = {Sahai, Erik and Marshall, Christopher J},
title = {{RHO-GTPases and cancer.}},
journal = {Nature reviews. Cancer},
year = {2002},
volume = {2},
number = {2},
pages = {133--142},
month = feb
}

@article{Zhao:2007hw,
author = {Zhao, Xiao-Han and Laschinger, Carol and Arora, Pam and Sz{\'a}szi, Katalin and Kapus, Andras and McCulloch, Christopher A},
title = {{Force activates smooth muscle alpha-actin promoter activity through the Rho signaling pathway.}},
year = {2007},
volume = {120},
number = {Pt 10},
pages = {1801--1809},
month = may
}

@article{Machesky:1994wg,
author = {Machesky, L M and Atkinson, S J and Ampe, C and Vandekerckhove, J and Pollard, T D},
title = {{Purification of a cortical complex containing two unconventional actins from Acanthamoeba by affinity chromatography on profilin-agarose.}},
journal = {The Journal of cell biology},
year = {1994},
volume = {127},
number = {1},
pages = {107--115},
month = oct
}

@article{Burkel:2007fj,
author = {Burkel, Brian M and von Dassow, George and Bement, William M},
title = {{Versatile fluorescent probes for actin filaments based on the actin-binding domain of utrophin}},
journal = {Cell Motility and the Cytoskeleton},
year = {2007},
volume = {64},
number = {11},
pages = {822--832},
month = nov
}

@booklet{HOLTFRETER:1991wi,
title = {{Reminiscences on the life and work of Johannes Holtfreter.}},
author = {HOLTFRETER, J},
address = {Department of Biology, University of Rochester, New York 14627.},
year = {1991}
}

@article{Cooper:1983uk,
author = {Cooper, J A and Buhle, E L and Walker, S B and Tsong, T Y and Pollard, T D},
title = {{Kinetic evidence for a monomer activation step in actin polymerization.}},
journal = {Biochemistry},
year = {1983},
volume = {22},
number = {9},
pages = {2193--2202},
month = apr
}

@article{HOLTFRETER:1946um,
author = {HOLTFRETER, J},
title = {{Structure, motility and locomotion in isolated embryonic amphibian cells.}},
year = {1946},
volume = {79},
pages = {27--62},
month = jul
}

@article{Schmutz:2007jq,
author = {Schmutz, Cornelia and Stevens, Julia and Spang, Anne},
title = {{Functions of the novel RhoGAP proteins RGA-3 and RGA-4 in the germ line and in the early embryo of C. elegans.}},
journal = {Development (Cambridge, England)},
year = {2007},
volume = {134},
number = {19},
pages = {3495--3505},
month = oct
}

@article{Fievet:2013ho,
author = {Fievet, Bruno Thomas and Rodriguez, Josana and Naganathan, Sundar and Lee, Christine and Zeiser, Eva and Ishidate, Takao and Shirayama, Masaki and Grill, Stephan and Ahringer, Julie},
title = {{Systematic genetic interaction screens uncover cell polarity regulators and functional redundancy.}},
journal = {Nature cell biology},
year = {2013},
volume = {15},
number = {1},
pages = {103--112},
month = jan
}

@article{Carvalho:2011ce,
author = {Carvalho, Ana and Olson, Sara K and Gutierrez, Edgar and Zhang, Kelly and Noble, Lisa B and Zanin, Esther and Desai, Arshad and Groisman, Alex and Oegema, Karen},
title = {{Acute drug treatment in the early C. elegans embryo.}},
journal = {PloS one},
year = {2011},
volume = {6},
number = {9},
pages = {e24656}
}

@article{Kapustina:2008ds,
author = {Kapustina, Maryna and Weinreb, Gabriel E and Costigliola, Nancy and Rajfur, Zenon and Jacobson, Ken and Elston, Timothy C},
title = {{Mechanical and biochemical modeling of cortical oscillations in spreading cells.}},
journal = {Biophysical journal},
year = {2008},
volume = {94},
number = {12},
pages = {4605--4620},
month = jun
}

@article{Munro:2004jk,
author = {Munro, Edwin and Nance, Jeremy and Priess, James R},
title = {{Cortical flows powered by asymmetrical contraction transport PAR proteins to establish and maintain anterior-posterior polarity in the early C. elegans embryo.}},
journal = {Developmental cell},
year = {2004},
volume = {7},
number = {3},
pages = {413--424},
month = sep
}

@article{Carlsson:1976vk,
author = {Carlsson, L and Nystr{\"o}m, L E and Lindberg, U and Kannan, K K and Cid-Dresdner, H and L{\"o}vgren, S},
title = {{Crystallization of a non-muscle actin.}},
journal = {Journal of molecular biology},
year = {1976},
volume = {105},
number = {3},
pages = {353--366},
month = aug
}

@incollection{Reggiani2008,
author = {Reggiani, Carlo and Bottinelli, Roberto},
title = {{Myosin II: Sarcomeric Myosins, The Motors Of Contraction In Cardiac And Skeletal Muscles}},
booktitle = {Myosins},
year = {2008},
editor = {Coluccio, Lynne M},
pages = {125--169},
publisher = {Springer Netherlands},
address = {Dordrecht}
}

@article{Munjal:2015bx,
author = {Munjal, Akankshi and Philippe, Jean-Marc and Munro, Edwin and Lecuit, Thomas},
title = {{A self-organized biomechanical network drives shape changes during tissue morphogenesis.}},
journal = {Nature},
year = {2015},
volume = {524},
number = {7565},
pages = {351--355},
month = aug
}

@article{Heissler:2016fs,
author = {Heissler, Sarah M and Sellers, James R},
title = {{Various Themes of Myosin Regulation.}},
journal = {Journal of molecular biology},
year = {2016},
volume = {428},
number = {9 Pt B},
pages = {1927--1946},
month = may
}

@article{Field:1995vb,
author = {Field, C M and Alberts, B M},
title = {{Anillin, a contractile ring protein that cycles from the nucleus to the cell cortex.}},
journal = {The Journal of cell biology},
year = {1995},
volume = {131},
number = {1},
pages = {165--178},
month = oct
}

@article{Keller:2008gp,
author = {Keller, Ray and Shook, David and Skoglund, Paul},
title = {{The forces that shape embryos: physical aspects of convergent extension by cell intercalation.}},
journal = {Physical biology},
year = {2008},
volume = {5},
number = {1},
pages = {015007}
}

@article{VicenteManzanares:2009ik,
author = {Vicente-Manzanares, Miguel and Ma, Xuefei and Adelstein, Robert S and Horwitz, Alan Rick},
title = {{Non-muscle myosin II takes centre stage in cell adhesion and migration.}},
journal = {Nature Reviews Molecular Cell Biology},
year = {2009},
volume = {10},
number = {11},
pages = {778--790},
month = nov
}

@article{Wissmann:1999fq,
author = {Wissmann, A and Ingles, J and Mains, P E},
title = {{The Caenorhabditis elegans mel-11 myosin phosphatase regulatory subunit affects tissue contraction in the somatic gonad and the embryonic epidermis and genetically interacts with the Rac signaling pathway.}},
journal = {Developmental biology},
year = {1999},
volume = {209},
number = {1},
pages = {111--127},
month = may
}

@article{Wennerberg:2003uv,
author = {Wennerberg, Krister and Forget, Marie-Annick and Ellerbroek, Shawn M and Arthur, William T and Burridge, Keith and Settleman, Jeffrey and Der, Channing J and Hansen, Steen H},
title = {{Rnd proteins function as RhoA antagonists by activating p190 RhoGAP.}},
journal = {Current biology : CB},
year = {2003},
volume = {13},
number = {13},
pages = {1106--1115},
month = jul
}

